2992 4904
221 385 258 441 26
565 380 609 438 llll
628 379 763 438 anoctis
781 379 914 436 naeslss.

223 545 352 614 narum²
361 533 430 592 tum
443 544 622 613 gratarum
634 522 837 591 locutionum
846 520 1031 610 collatione,
1044 522 1158 591 velate
1171 521 1262 590 sonte

221 651 359 744 perenni
386 650 575 719 oriebantur
593 649 770 740 permulta,
800 648 969 717 notatione
993 668 1127 739 prorsus
1150 646 1264 737 digna,

222 799 293 869 quae
316 775 470 845 nonnihil
486 795 612 845 novum
633 784 688 843 aut
708 774 786 842 utile
804 772 950 842 conferre
971 769 1012 840 ad
1037 771 1162 840 litteras
1179 771 1266 840 vale·

221 901 313 970 bant.
330 901 510 969 Plurimum
522 898 612 967 enim
622 898 823 967 eruditorum
834 899 978 967 virorum
987 896 1156 985 intererat,
1169 874 1267 985 quas-

223 1047 359 1116 cumque
373 1026 411 1093 in
426 1024 615 1114 quotidiano
629 1044 779 1092 sermone
795 1023 897 1092 Graeci
911 1021 1111 1111 Romanique
1128 1039 1267 1109 usurpa·

221 1151 346 1220 vissent
360 1151 542 1219 locutiones
556 1149 592 1218 in
609 1171 648 1219 eo
661 1148 745 1218 libro
762 1148 911 1217 collectas
926 1147 1079 1238 reperire.
1095 1146 1178 1228 Quid
1189 1165 1266 1213 vcro

220 1273 358 1365 periculi
374 1283 459 1342 essct
483 1273 519 1340 in
540 1272 596 1340 illa
615 1294 725 1341 rerum
747 1272 841 1362 copia
861 1281 905 1352 et,
926 1281 963 1339 ut
982 1272 1028 1338 ita
1047 1270 1166 1359 dicam,
1187 1290 1268 1361 opu·

221 1398 335 1486 lentii,
357 1397 587 1485 indicavimus
605 1397 785 1466 scilicetne
805 1397 987 1466 locutiones
1007 1405 1040 1463 et
1056 1394 1220 1464 sententia
1235 1403 1267 1461 et

222 1515 393 1612 proverbia
416 1523 717 1591 confunderentur:
739 1520 826 1611 quod
845 1521 1007 1613 plerisque
1032 1521 1068 1588 in
1089 1521 1169 1589 locis
1191 1541 1267 1589 cve-

223 1645 311 1714 nisse
328 1657 529 1736 compertum
538 1645 707 1716 hahemus.

266 1775 349 1841 Duas
360 1782 515 1862 praeterea
521 1793 632 1840 causas
643 1792 860 1840 annumerare
866 1771 973 1853 liceat,
987 1792 1058 1863 qua
1069 1771 1267 1840 recentiores

222 1895 520 1985 parmmiographos
534 1894 575 1963 ad
587 1893 770 1986 colligenda
790 1895 907 1986 adagio
919 1897 1089 1986 impulere.
1106 1895 1156 1964 llli
1173 1895 1263 1965 scili·

225 2029 276 2087 oet
291 2039 358 2086 non
375 2018 480 2086 solum
493 2020 645 2110 pleraqu‘e
673 2021 847 2110 proverbia
866 2019 909 2089 ad
930 2021 1172 2089 institutionem
1193 2019 1267 2089 vitae

225 2154 369 2244 spectare
381 2153 415 2210 et
429 2143 565 2213 totidem
574 2166 644 2214 esse
659 2157 822 2236 praecepta
834 2146 951 2236 quibus
965 2147 1022 2236 qui
1037 2147 1081 2216 sit
1091 2146 1268 2214 instructus

223 2267 463 2360 philosophiam
471 2266 645 2359 quamdam
664 2270 842 2361 possideat,
857 2271 915 2339 sed
929 2271 1027 2339 etiarn
1035 2270 1144 2360 gentis
1159 2271 1268 2360 cujus·

224 2416 286 2485 que
296 2415 403 2462 mores
415 2392 585 2484 studiaque
601 2406 634 2463 et
649 2397 807 2466 instituta
821 2398 858 2465 in
871 2397 1053 2489 proverbiis
1083 2395 1266 2487 deprehen-

224 2515 258 2584 di
280 2539 376 2608 posse
395 2528 601 2608 putaverunt.
623 2522 703 2587 Eam
719 2517 793 2589 ideo
808 2519 1015 2611 prudentiam
1030 2519 1180 2610 gentium
1196 2540 1266 2588 esse

225 2641 332 2710 aiebat
348 2641 556 2733 nescioquis.

268 2871 452 2951 Quaeramus
472 2871 585 2961 igitur,
612 2892 701 2940 nunc
726 2870 769 2940 ad
797 2892 921 2960 mores,
950 2893 1038 2941 nuuc
1064 2872 1106 2942 ad
1127 2871 1264 2955 litteras,

224 3006 313 3061 nunc
329 2992 469 3083 denique
492 2993 533 3062 ad
548 2993 719 3065 historiam
734 2997 958 3089 respicientes,
988 3009 1146 3088 quantum
1163 2995 1268 3088 prosit

223 3126 367 3184 mentem
377 3117 503 3206 adagiis
517 3118 688 3188 intendere
710 3130 742 3189 et
766 3122 845 3213 quid
859 3122 1008 3192 utilitatis
1024 3123 1067 3192 ad
1087 3123 1161 3192 vita
1176 3141 1266 3191 com·

222 3241 333 3311 munis
346 3262 441 3310 usum
455 3262 494 3309 ex
508 3242 549 3310 iis
564 3242 671 3314 redire
682 3246 798 3335 possit.

267 3487 359 3571 Quod
376 3488 416 3556 ad
430 3488 612 3558 litterarum
631 3492 739 3561 studia
754 3495 806 3564 vel
828 3495 870 3565 ad
892 3497 1106 3590 philologiam
1125 3506 1262 3587 spectat,

222 3613 359 3683 multum
376 3634 415 3682 ex
425 3614 551 3706 adagiis
566 3617 682 3707 profici
696 3640 791 3710 posse
805 3619 1012 3692 arbitramur.
1030 3623 1122 3704 Quod
1135 3622 1266 3713 quidem

223 3734 308 3803 nihil
318 3733 406 3804 aliud
423 3747 472 3806 est
484 3760 582 3829 quarn
607 3751 757 3810 naturam
773 3753 817 3832 et,
832 3744 861 3813 si
883 3744 960 3814 licet
976 3747 1023 3815 ita
1036 3747 1138 3838 loqui,
1167 3748 1266 3839 iuge·

100 3925 104 3933 .
221 3860 314 3929 nium
325 3861 499 3951 cujuslibet
514 3863 635 3955 lingua
645 3869 842 3957 perscrutari
852 3872 987 3962 ejusque
1001 3872 1163 3963 habitum,
1172 3894 1263 3964 opes,

221 3983 389 4056 facultates
409 3999 442 4055 et
465 3989 594 4060 divitias
617 4013 800 4063 recensere.
819 3998 866 4063 Ea
893 3996 983 4065 enim
1006 3997 1262 4088 proverbialium
