2992 4904
212 1369 324 1497 DE
377 1365 731 1498 eoloris
782 1367 1106 1498 ERasml

175 2158 331 2227 Permulti
342 2155 487 2247 (pridem,
508 2176 569 2223 neo
583 2176 662 2224 sane
678 2154 804 2223 indocti
815 2153 889 2242 viri,
907 2154 1037 2244 adagio,
1054 2177 1125 2246 quae
1144 2156 1181 2224 in

131 2281 330 2373 quotidianis
346 2280 519 2348 hominum
537 2278 743 2348 sermonibus
756 2287 937 2357 versantur,
955 2278 1110 2347 inunum
1126 2301 1181 2348 oo-

131 2404 240 2496 gendo
252 2414 483 2496 susceperunt3
503 2405 549 2471 ita
567 2412 604 2472 ut
629 2423 734 2494 nuper
756 2401 943 2493 philologus
968 2402 1101 2491 quidam
1124 2404 1181 2494 (ll,

131 2549 230 2619 quum
244 2528 436 2617 adagiorum
443 2527 546 2595 libros
562 2524 742 2616 colligeret,
756 2525 992 2616 amplissimam
1006 2502 1183 2596 bibliothe-

131 2675 203 2721 eam
224 2652 437 2742 congesserit.
474 2651 534 2731 Qui
559 2650 692 2740 quidem
716 2650 896 2718 maxirnum
915 2650 1057 2718 fructum
1080 2672 1120 2718 ex
1143 2673 1182 2720 eo

130 2775 238 2844 studio
252 2775 377 2866 percipi
392 2795 487 2865 posse
504 2773 691 2842 eredebant.
717 2775 827 2863 Neque
844 2774 934 2841 enim
953 2783 1078 2841 tantam
1104 2796 1183 2866 ope·

130 2922 200 2968 ram
212 2910 401 2991 tantumque
414 2899 570 2989 temporis
586 2899 622 2966 in
642 2897 988 2989 absolvendo'ineepto
1004 2919 1182 2991 consump-

130 3026 262 3111 sissent,
290 3025 356 3093 nisi
382 3025 602 3116 speravissent
627 3033 753 3090 tantam
781 3024 969 3113 legentibus
993 3026 1180 3114 utilitatem,

130 3158 284 3240 quantam
316 3147 541 3239 sibimetipsis,
569 3147 666 3215 talem
700 3147 858 3215 farturam
891 3150 1180 3239 componentibus

128 3275 328 3365 voluptatem
343 3293 413 3341 esse
430 3273 619 3340 redituram.
986 3281 988 3284 ·

172 3397 273 3466 Nobis
295 3396 376 3464 illud
396 3394 606 3486 quaerendum
627 3394 858 3486 proposuimus
880 3406 989 3464 utrum
1013 3396 1122 3487 aliqua
1140 3397 1183 3466 sit

128 3523 266 3592 seientia
290 3522 482 3613 adagiorum
506 3532 538 3589 et
557 3521 661 3611 qualis
683 3521 739 3610 sit,
755 3542 918 3610 quaerero
933 3521 1024 3611 leges
1048 3531 1080 3589 et
1096 3543 1181 3614 prae-

31 3635 32 3638 ¹
129 3657 223 3736 repta
236 3647 284 3714 illi
301 3646 512 3733 conveniant,
530 3665 627 3735 quam
650 3644 782 3713 demum
797 3633 971 3713 utilitatem
993 3645 1110 3713 litteris
1130 3657 1180 3716 at-

127 3769 263 3837 tulerint
278 3772 302 3829 ot
318 3768 551 3853 παροιμιόγραφοι.

43 4067 46 4072 .
163 4023 200 4169 ΣΙ)
215 4025 247 4081 G.
262 4027 413 4083 Dururssrs.
425 4055 460 4066 -
468 4024 679 4097 Bibliographie
692 4026 951 4101 paremiologique.
962 4025 1054 4097 Paris,
1066 4024 1176 4084 Potier.

128 4114 160 4169 {8
181 4118 209 4172 7.
566 4124 569 4132 ’

174 4254 187 4299 ,
971 4207 977 4217 '
1054 4211 1068 4268 l
