2992 4904
528 500 531 506 ¹
568 435 612 490 oc
630 432 765 490 corcus
783 433 921 490 cursui.
1253 439 1270 492 r

222 559 353 651 ingenii
366 571 482 628 natura
503 559 566 628 tola
587 580 668 650 opus
684 558 833 627 ordinate
851 556 1026 649 disponere
1044 568 1076 625 et
1090 568 1212 626 rectam
1230 558 1271 628 ad

222 705 371 752 normam
382 684 532 774 redigere
545 683 716 770 vetabant3
733 703 831 772 quem
848 681 970 750 laboris
990 680 1125 772 quidem
1140 691 1171 748 et
1188 681 1269 750 doc·

223 806 318 876 trina
328 808 471 896 avidum,
487 808 547 877 sed
561 807 682 877 nullius
695 826 794 874 morae
813 805 996 895 patientem
1023 804 1137 892 luisse,
1168 825 1273 894 quum

223 930 326 1020 ipsius
345 932 422 1000 libri
439 942 509 1001 tum
529 932 701 1022 aequalium
723 930 912 999 testimonia
934 929 1101 998 declarant
1122 955 1130 996 :
1150 939 1274 998 tantam

224 1076 322 1144 porro
336 1057 529 1146 adagiorum
540 1056 711 1124 materiam
727 1054 880 1144 colligere
893 1064 926 1122 et
941 1056 958 1122 e
973 1054 1072 1122 varii-s
1089 1053 1276 1122 auctoribus

217 1201 396 1272 excerpere
414 1181 503 1250 haud
518 1182 612 1250 facile
629 1189 698 1248 erat
712 1207 726 1269 3
740 1187 861 1269 quanto
877 1178 984 1268 magis
998 1177 1138 1246 arduum
1150 1187 1182 1244 et
1198 1179 1278 1268 dpe-
1328 1256 1334 1267 ⁴

224 1325 336 1373 rosum
353 1306 464 1374 omnia
480 1305 649 1375 ordinaret
668 1307 778 1394 Neque
792 1325 869 1373 vero
883 1302 964 1370 illud
981 1311 1111 1370 tantum
1125 1301 1278 1370 obstabat

227 1429 562 1518 quominusllrasmus
573 1438 721 1497 exactum
736 1437 1035 1497 etconsummatum
1047 1425 1186 1516 posteris
1198 1447 1279 1516 opus

228 1554 479 1642 transmitteret,
494 1553 531 1624 in
547 1553 743 1643 quonullum
754 1550 872 1620 vitium
882 1549 1080 1640 reprehendi
1090 1561 1214 1640 posset,
1227 1548 1280 1618 vel

226 1676 313 1765 quod
325 1678 414 1746 velut
433 1700 622 1769 supremum
640 1678 744 1768 ipsius
766 1675 896 1766 ingenii
911 1684 1162 1743 monumentum
1177 1673 1280 1742 exsis-

225 1810 318 1869 teret.
338 1803 462 1893 Quippe
488 1804 517 1872 si
538 1812 701 1871 errantem
724 1803 794 1892 ejus
824 1801 941 1886 vitam,
963 1801 992 1869 si
1006 1800 1160 1869 sacculum
1185 1797 1281 1867 hellis

227 1945 265 1993 ac
280 1924 451 1995 discordiis
473 1929 607 2018 plenum
621 1927 829 2017 spectarem,
857 1925 946 1994 haud
964 1925 1058 1993 facile
1072 1922 1281 1993 contenderis

226 2049 347 2120 librum
360 2052 462 2120 ullum
480 2052 561 2120 citra
576 2051 868 2142 reprehensionem
882 2050 1026 2140 potuisse
1041 2048 1081 2116 ab
1096 2070 1134 2117 eo
1146 2047 1281 2126 homine

227 2175 327 2242 scribi
356 2175 413 2265 qui
438 2166 647 2244 tumultuaria
667 2175 805 2265 quddam
826 2147 936 2266 opera,
956 2174 1047 2242 omni
1059 2175 1132 2242 loco
1150 2185 1182 2240 et
1198 2183 1282 2240 tem·

226 2320 317 2388 pore,
340 2319 428 2367 nunc
441 2300 585 2388 Basileae,
597 2300 632 2367 in
648 2299 856 2368 Frobeniand
871 2299 1018 2387 officina,
1032 2320 1121 2367 nunc
1134 2295 1281 2368 Venetiis

226 2420 263 2487 in
273 2420 393 2489 Aldina
408 2423 632 2492 meditaretur.
648 2426 805 2492 Caeterum
823 2422 1056 2507 naturalromo
1069 2420 1197 2512 lepidus
1211 2419 1282 2488 dic-

228 2544 317 2613 teriis
336 2546 525 2638 facetiisque
550 2547 660 2615 doctas
682 2546 919 2637 disputationes
937 2547 1098 2615 illustrare
1114 2546 1208 2632 solet,
1225 2542 1283 2634 qui

227 2645 464 2735 controversias
479 2668 649 2757 ingressus
671 2689 740 2736 non
766 2676 874 2758 potest
893 2667 974 2757 quin
995 2688 1124 2757 semper
1138 2664 1282 2757 pugnaci

228 2790 367 2879 quadam
379 2791 526 2861 oratione
542 2801 651 2860 utatur
662 2801 695 2859 et
705 2791 742 2859 in
756 2790 958 2860 adversarios
971 2813 1046 2861 suos
1057 2793 1139 2860 sales
1152 2800 1184 2858 et
1203 2812 1281 2871 acu-,-

209 2914 296 2983 -leos
318 2917 489 3005 jaculetur.
520 2919 624 2998 Quam
644 2916 710 2986 sibi
730 2916 903 3007 indulget!
937 2918 1012 2997 Quae
1040 2916 1199 3002 ludibria,
1220 2936 1282 2984 nec

228 3059 357 3128 semper
378 3039 520 3128 urbana,
541 3040 649 3130 plenis
670 3041 824 3110 manibus
839 3041 875 3108 in
891 3041 1070 3109 monachos
1086 3039 1278 3130 profunditl

227 3164 471 3253 Nonnunquam
485 3165 584 3232 etiarn
602 3164 776 3255 pueriliter
789 3166 919 3256 Jocatur
934 3142 966 3232 et
977 3165 1159 3233 litterarum
1173 3173 1282 3232 muta-

228 3284 336 3356 tiones
348 3295 405 3356 aut
416 3287 647 3356 similitudines
663 3296 788 3377 captat,
803 3287 850 3355 ita
870 3298 907 3356 ut
927 3286 1075 3356 Lindum
1097 3287 1184 3378 apud
1195 3287 1283 3357 Rho·

230 3407 301 3479 dios
317 3419 351 3478 et
364 3409 569 3479 Londinium
584 3412 621 3479 in
636 3411 759 3502 Anglid
784 3411 933 3481 conferre
950 3422 983 3481 ct
1002 3411 1199 3503 permiscere
1212 3435 1282 3484 non
1353 3471 1355 3477 .

128 3582 130 3586 v
232 3531 388 3602 fastidiat.
401 3537 494 3604 Nunc
517 3536 553 3602 in
577 3536 733 3603 lectorem
754 3536 858 3625 (tanta
878 3538 965 3604 inest
981 3536 1013 3603 ei
1029 3537 1189 3606 orationis
1215 3538 1282 3607 fes·

231 3656 352 3750 tiritas)
375 3660 500 3747 illudit;
532 3680 621 3728 nnnc
643 3669 756 3729 contra
776 3659 877 3728 vitam
901 3681 995 3729 suam
1014 3660 1208 3731 interiorem
1228 3685 1282 3733 re-

104 3844 106 3849 r
231 3779 345 3863 cludit,
370 3783 467 3852 modo
493 3783 532 3851 de
549 3784 617 3852 suis
640 3804 721 3874 quos
740 3781 817 3852 lusit
835 3784 914 3852 olim
924 3784 1072 3854 versibus
1081 3807 1281 3876 memorans,

232 3903 485 3976 modomoestum
492 3906 649 3998 detegens
662 3907 823 3997 animum,
834 3930 934 4000 quum
943 3910 1088 3978 «nullam
1096 3932 1166 3979 esse
1178 3911 1283 3981 seram

232 4033 301 4097 tam
314 4028 480 4119 ingratam
491 4030 571 4102 dicit
588 4053 660 4124 qnae
673 4033 716 4104 sit
727 4052 804 4124 cum
814 4031 1006 4105 hominibus
1020 4013 1233 4104 conserenda.
1259 4059 1277 4101 »
1327 4071 1330 4077 -
