2992 4904
183 377 188 386 ’
222 410 257 468 et
570 411 613 464 uu
631 409 762 465 luleus
782 408 917 464 rursm.

221 554 293 603 cere
321 532 520 601 locutionem
540 542 573 599 et
585 531 759 622 pereutere
789 530 940 600 eumdem
972 551 1106 600 sensum
1134 530 1266 621 retinet,

220 658 312 749 quasi
324 657 423 725 verba
436 657 543 746 magis
558 668 653 747 etque
677 657 783 747 magis
803 655 962 724 recideret
992 657 1126 747 ellipsis.
1147 659 1193 725 Ex
1210 663 1268 725 et·

223 779 297 848 dem
308 779 654 871 metaphurdpulpuri,
668 780 812 872 pulpum
827 779 1008 861 obtrudere,
1024 780 1059 847 id
1076 791 1125 849 est
1138 779 1269 849 blandi·

222 905 251 971 ri
260 903 311 972 vel
319 905 482 994 pellicere,
490 904 664 996 palpones,
677 903 713 972 id
729 915 778 973 est
786 905 909 974 versuti
916 903 1081 991 homines,
1093 902 1270 972 nonnullos

222 1026 309 1117 epud
324 1026 510 1116 scriptores,
524 1027 582 1096 sed
592 1028 753 1119 praecipue
771 1028 857 1120 apud
867 1030 1017 1098 Plautum
1033 1028 1191 1096 edendae.

268 1151 362 1219 Haud
374 1173 477 1232 secus,
506 1174 580 1222 eum
595 1154 692 1223 alicui
711 1164 850 1225 mortem
863 1154 1036 1245 imprecari
1051 1154 1144 1240 velis,
1169 1153 1261 1220 locu·

225 1277 350 1345 tionem
359 1277 420 1345 tihi
433 1278 654 1368 suppeditabit
667 1279 803 1375 ellipsis:

260 1461 296 1472 -
307 1432 389 1492 Εἷποις
398 1432 429 1486 τὰ
439 1433 492 1504 τρία
503 1433 570 1505 παρὰ
580 1438 610 1502 τῇ
622 1435 692 1503 αὐλῇ,

261 1564 309 1620 Vel
323 1564 401 1636 quod
413 1564 548 1622 brevius:

258 1687 381 1747 -Εἷποις
393 1689 424 1742 τὰ
440 1688 495 1761 τρία
506 1691 558 1760 (l).

266 1821 388 1901 Quibus
400 1823 508 1891 verbis
526 1823 648 1891 instare
664 1820 862 1912 supplicium
879 1819 984 1911 eapite
1000 1818 1163 1889 damnetis
1177 1840 1265 1888 nun·

225 1944 380 2014 liabetur.

224 2070 285 2137 rer
300 2070 429 2160 eupsin
446 2071 596 2139 similiter
610 2041 732 2139 dietum
746 2081 795 2139 est
813 2094 821 2137 ι

258 2239 293 2253 -
306 2213 358 2265 Οὐκ
374 2210 421 2282 sipi
431 2211 520 2265 τούτων
529 2211 625 2282 ἡρώων,

224 2335 335 2423 idest,
355 2357 469 2405 eorum
484 2336 656 2426 geniorum
673 2338 730 2429 qui
744 2358 864 2407 noxam
878 2336 987 2428 potius
1006 2357 1103 2426 quem
1127 2354 1272 2403 eommo-

225 2460 304 2530 dum
319 2461 470 2529 efferunt.

267 2585 341 2654 Alio
353 2596 461 2654 eutem
473 2585 625 2675 ellipseos
639 2605 774 2675 genere,
785 2583 814 2654 si
825 2583 924 2653 mode
937 2582 1059 2674 ellipsis
1072 2583 1137 2651 diei
1149 2591 1270 2674 potest,

224 2708 349 2777 nullum
359 2709 490 2799 quidem
505 2707 660 2776 reciditur
671 2708 819 2798 verbum,
834 2706 893 2777 sed
906 2707 1051 2777 breviori
1065 2707 1184 2798 figure,
1199 2727 1271 2797 quae

223 2831 265 2900 ad
275 2853 388 2901 verum
400 2853 533 2901 sensum
544 2831 670 2920 alludit,
681 2831 845 2901 sententia
859 2829 1061 2922 exprimitur.
1072 2834 1271 2901 Documento

225 2956 268 3023 sit
280 2955 361 3024 illud
380 2979 387 3021 :

260 3138 295 3151 -
305 3109 420 3164 Manum
428 3108 528 3165 lerulae
538 3107 740 3179 subduximus,

222 3233 258 3302 id
277 3244 337 3322 est,
358 3234 452 3324 pueri
471 3234 658 3324 admodum,
678 3235 739 3304 suh
755 3235 912 3327 magistro
930 3235 987 3326 qui
1012 3254 1150 3303 manum
1168 3231 1271 3303 leruld

223 3357 378 3446 credebat,
391 3359 506 3427 litteris
517 3359 711 3430 studuimus.

224 3485 412 3575 eujusmodi
427 3495 476 3553 est
493 3510 501 3554 ε

258 3662 295 3676 -
312 3640 358 3688 Τοῦ
374 3634 462 3689 eslim
473 3632 564 3702 irim,
585 3634 651 3708 apio
665 3651 740 3710 opud
751 3644 809 3708 est,

220 3769 321 3839 quum
335 3750 451 3841 uliquis
467 3751 598 3842 capituli
620 3752 735 3822 morbo
750 3751 888 3843 luberet,
911 3752 1000 3844 qued
1016 3753 1095 3823 olim
1110 3771 1183 3820 mos
1203 3763 1272 3819 erut

225 3875 509 3964 apiumortuorum
525 3875 667 3946 tumulos
680 3897 852 3948 coronare.
1371 3880 1374 3887 '

260 4035 295 4109 (r)
308 4036 413 4095 curru
429 4035 503 4095 :rus
516 4046 546 4095 ta
556 4036 665 4112 prere.
