<?xml version="1.0" encoding="UTF-8"?>
<!DOCTYPE html PUBLIC "-//W3C//DTD XHTML 1.0 Transitional//EN"
    "http://www.w3.org/TR/xhtml1/DTD/xhtml1-transitional.dtd">
<html xmlns="http://www.w3.org/1999/xhtml" xml:lang="en" lang="en">
 <head>
  <title>
</title>
<meta http-equiv="Content-Type" content="text/html;charset=utf-8" />
  <meta name='ocr-system' content='tesseract 3.04.00' />
  <meta name='ocr-capabilities' content='ocr_page ocr_carea ocr_par ocr_line ocrx_word'/>
</head>
<body>
  <div class='ocr_page' id='page_1' title='image "./deadagiisderasm00chasgoog_0048.png"; bbox 0 0 2992 4904; ppageno 0'>
   <div class='ocr_carea' id='block_1_1' title="bbox 566 465 1267 534">
    <p class='ocr_par' dir='ltr' id='par_1_1' title="bbox 566 465 1267 534">
     <span class='ocr_line' id='line_1_1' title="bbox 566 465 1267 534; baseline 0.017 -14"><span class='ocrx_word' id='word_1_1' title='bbox 566 465 609 521; x_wconf 83' lang='lat' dir='ltr'>DE</span> <span class='ocrx_word' id='word_1_2' title='bbox 628 465 761 522; x_wconf 77' lang='lat' dir='ltr'>anaclts</span> <span class='ocrx_word' id='word_1_3' title='bbox 777 466 913 524; x_wconf 69' lang='lat' dir='ltr'>altasar.</span> <span class='ocrx_word' id='word_1_4' title='bbox 1227 476 1267 534; x_wconf 76' lang='lat' dir='ltr'>at</span> 
     </span>
    </p>
   </div>
   <div class='ocr_carea' id='block_1_2' title="bbox 221 586 1267 812">
    <p class='ocr_par' dir='ltr' id='par_1_2' title="bbox 221 586 1267 812">
     <span class='ocr_line' id='line_1_2' title="bbox 221 586 1267 680; baseline 0.011 -24"><span class='ocrx_word' id='word_1_5' title='bbox 221 586 334 657; x_wconf 84' lang='lat' dir='ltr'>Fidem</span> <span class='ocrx_word' id='word_1_6' title='bbox 348 598 381 657; x_wconf 93' lang='lat' dir='ltr'>et</span> <span class='ocrx_word' id='word_1_7' title='bbox 390 587 620 678; x_wconf 85' lang='lat' dir='ltr'>jusjurandum</span> <span class='ocrx_word' id='word_1_8' title='bbox 634 586 802 677; x_wconf 83' lang='lat' dir='ltr'>negligere</span> <span class='ocrx_word' id='word_1_9' title='bbox 815 589 869 658; x_wconf 90' lang='lat' dir='ltr'>ille</span> <span class='ocrx_word' id='word_1_10' title='bbox 882 589 996 680; x_wconf 83' lang='lat' dir='ltr'>discet,</span> <span class='ocrx_word' id='word_1_11' title='bbox 1011 604 1140 664; x_wconf 86' lang='lat' dir='ltr'>auctore</span> <span class='ocrx_word' id='word_1_12' title='bbox 1152 597 1267 668; x_wconf 87' lang='lat' dir='ltr'>eedem</span> 
     </span>
     <span class='ocr_line' id='line_1_3' title="bbox 222 712 1087 812; baseline 0.007 -31"><span class='ocrx_word' id='word_1_13' title='bbox 222 712 401 803; x_wconf 75' lang='lat' dir='ltr'>Lysandro,</span> <span class='ocrx_word' id='word_1_14' title='bbox 414 712 572 782; x_wconf 79' lang='lat' dir='ltr'>ledarum</span> <span class='ocrx_word' id='word_1_15' title='bbox 587 723 620 812; x_wconf 84' lang='lat' dir='ltr'>et</span> <span class='ocrx_word' id='word_1_16' title='bbox 634 712 768 782; x_wconf 88' lang='lat' dir='ltr'>deorum</span> <span class='ocrx_word' id='word_1_17' title='bbox 781 734 915 783; x_wconf 89' lang='lat' dir='ltr'>suerum</span> <span class='ocrx_word' id='word_1_18' title='bbox 930 727 1087 806; x_wconf 83' lang='lat' dir='ltr'>spretore.</span> 
     </span>
    </p>
   </div>
   <div class='ocr_carea' id='block_1_3' title="bbox 257 914 989 990">
    <p class='ocr_par' dir='ltr' id='par_1_3' title="bbox 257 914 989 990">
     <span class='ocr_line' id='line_1_4' title="bbox 257 914 989 990; baseline 0.001 -19"><span class='ocrx_word' id='word_1_19' title='bbox 257 945 294 958; x_wconf 91' lang='lat'>—</span> <span class='ocrx_word' id='word_1_20' title='bbox 306 915 404 986; x_wconf 79' lang='grc' dir='ltr'>Ὄρνιοις</span> <span class='ocrx_word' id='word_1_21' title='bbox 424 914 521 990; x_wconf 76' lang='grc' dir='ltr'>ἄνδρας,</span> <span class='ocrx_word' id='word_1_22' title='bbox 531 917 691 990; x_wconf 75' lang='grc' dir='ltr'>ἀστραγάλοις</span> <span class='ocrx_word' id='word_1_23' title='bbox 708 914 736 969; x_wconf 76' lang='lat' dir='ltr'>dl</span> <span class='ocrx_word' id='word_1_24' title='bbox 747 914 838 979; x_wconf 78' lang='grc' dir='ltr'>παῖδας</span> <span class='ocrx_word' id='word_1_25' title='bbox 849 917 989 981; x_wconf 60' lang='lat' dir='ltr'>{flamniam</span> 
     </span>
    </p>
   </div>
   <div class='ocr_carea' id='block_1_4' title="bbox 222 1088 1269 1309">
    <p class='ocr_par' dir='ltr' id='par_1_4' title="bbox 222 1088 1269 1309">
     <span class='ocr_line' id='line_1_5' title="bbox 222 1088 1269 1165; baseline 0.005 -5"><span class='ocrx_word' id='word_1_26' title='bbox 222 1089 372 1161; x_wconf 85' lang='lat' dir='ltr'>Indidem</span> <span class='ocrx_word' id='word_1_27' title='bbox 397 1090 527 1159; x_wconf 82' lang='lat' dir='ltr'>hauriet</span> <span class='ocrx_word' id='word_1_28' title='bbox 549 1090 675 1159; x_wconf 92' lang='lat' dir='ltr'>nullum</span> <span class='ocrx_word' id='word_1_29' title='bbox 698 1088 815 1159; x_wconf 90' lang='lat' dir='ltr'>dehere</span> <span class='ocrx_word' id='word_1_30' title='bbox 838 1089 875 1158; x_wconf 95' lang='lat' dir='ltr'>in</span> <span class='ocrx_word' id='word_1_31' title='bbox 896 1089 1048 1162; x_wconf 90' lang='lat' dir='ltr'>homines</span> <span class='ocrx_word' id='word_1_32' title='bbox 1070 1093 1269 1165; x_wconf 83' lang='lat' dir='ltr'>heneficium</span> 
     </span>
     <span class='ocr_line' id='line_1_6' title="bbox 224 1216 808 1309; baseline -0.002 -22"><span class='ocrx_word' id='word_1_33' title='bbox 224 1219 379 1306; x_wconf 85' lang='lat' dir='ltr'>conferri,</span> <span class='ocrx_word' id='word_1_34' title='bbox 397 1216 593 1287; x_wconf 82' lang='lat' dir='ltr'>admonente</span> <span class='ocrx_word' id='word_1_35' title='bbox 610 1217 808 1309; x_wconf 87' lang='lat' dir='ltr'>proverbio:</span> 
     </span>
    </p>
   </div>
   <div class='ocr_carea' id='block_1_5' title="bbox 259 1396 938 1470">
    <p class='ocr_par' dir='ltr' id='par_1_5' title="bbox 259 1396 938 1470">
     <span class='ocr_line' id='line_1_7' title="bbox 259 1396 938 1470; baseline 0.001 -21"><span class='ocrx_word' id='word_1_36' title='bbox 259 1431 295 1443; x_wconf 92' lang='lat'>-</span> <span class='ocrx_word' id='word_1_37' title='bbox 311 1399 358 1459; x_wconf 71' lang='grc' dir='ltr'>’ος</span> <span class='ocrx_word' id='word_1_38' title='bbox 367 1405 426 1451; x_wconf 74' lang='grc' dir='ltr'>κύνα</span> <span class='ocrx_word' id='word_1_39' title='bbox 440 1399 519 1470; x_wconf 73' lang='grc' dir='ltr'>τρέφει</span> <span class='ocrx_word' id='word_1_40' title='bbox 540 1396 611 1462; x_wconf 77' lang='grc' dir='ltr'>ξένον,</span> <span class='ocrx_word' id='word_1_41' title='bbox 623 1401 703 1449; x_wconf 78' lang='grc' dir='ltr'>τοῦτον</span> <span class='ocrx_word' id='word_1_42' title='bbox 715 1398 784 1468; x_wconf 76' lang='grc' dir='ltr'>μόνος</span> <span class='ocrx_word' id='word_1_43' title='bbox 793 1397 853 1459; x_wconf 76' lang='grc' dir='ltr'>λίνος</span> <span class='ocrx_word' id='word_1_44' title='bbox 864 1398 938 1469; x_wconf 67' lang='grc' dir='ltr'>μένει.</span> 
     </span>
    </p>
   </div>
   <div class='ocr_carea' id='block_1_6' title="bbox 224 1557 1269 1771">
    <p class='ocr_par' dir='ltr' id='par_1_6' title="bbox 224 1557 1269 1771">
     <span class='ocr_line' id='line_1_8' title="bbox 224 1557 1269 1650; baseline 0 -20"><span class='ocrx_word' id='word_1_45' title='bbox 224 1562 346 1650; x_wconf 89' lang='lat' dir='ltr'>Neque,</span> <span class='ocrx_word' id='word_1_46' title='bbox 362 1559 391 1628; x_wconf 92' lang='lat' dir='ltr'>si</span> <span class='ocrx_word' id='word_1_47' title='bbox 403 1557 503 1627; x_wconf 89' lang='lat' dir='ltr'>debili</span> <span class='ocrx_word' id='word_1_48' title='bbox 513 1558 663 1648; x_wconf 84' lang='lat' dir='ltr'>cuiquam</span> <span class='ocrx_word' id='word_1_49' title='bbox 673 1558 744 1645; x_wconf 82' lang='lat' dir='ltr'>vire</span> <span class='ocrx_word' id='word_1_50' title='bbox 757 1567 812 1626; x_wconf 88' lang='lat' dir='ltr'>aut</span> <span class='ocrx_word' id='word_1_51' title='bbox 821 1559 895 1627; x_wconf 90' lang='lat' dir='ltr'>seni</span> <span class='ocrx_word' id='word_1_52' title='bbox 910 1570 1068 1649; x_wconf 76' lang='lat' dir='ltr'>occurrat,</span> <span class='ocrx_word' id='word_1_53' title='bbox 1082 1561 1122 1631; x_wconf 90' lang='lat' dir='ltr'>de</span> <span class='ocrx_word' id='word_1_54' title='bbox 1135 1582 1173 1630; x_wconf 87' lang='lat' dir='ltr'>ee</span> <span class='ocrx_word' id='word_1_55' title='bbox 1183 1562 1269 1631; x_wconf 92' lang='lat' dir='ltr'>hene</span> 
     </span>
     <span class='ocr_line' id='line_1_9' title="bbox 224 1681 887 1771; baseline -0.002 -20"><span class='ocrx_word' id='word_1_56' title='bbox 224 1682 343 1751; x_wconf 91' lang='lat' dir='ltr'>mereri</span> <span class='ocrx_word' id='word_1_57' title='bbox 358 1681 477 1771; x_wconf 81' lang='lat' dir='ltr'>rapiet,</span> <span class='ocrx_word' id='word_1_58' title='bbox 495 1690 667 1770; x_wconf 87' lang='lat' dir='ltr'>postquam</span> <span class='ocrx_word' id='word_1_59' title='bbox 676 1681 887 1751; x_wconf 86' lang='lat' dir='ltr'>meminerit:</span> 
     </span>
    </p>
   </div>
   <div class='ocr_carea' id='block_1_7' title="bbox 262 1860 660 1935">
    <p class='ocr_par' dir='ltr' id='par_1_7' title="bbox 262 1860 660 1935">
     <span class='ocr_line' id='line_1_10' title="bbox 262 1860 660 1935; baseline 0 -19"><span class='ocrx_word' id='word_1_60' title='bbox 262 1882 299 1906; x_wconf 52' lang='grc' dir='ltr'>-ὸ</span> <span class='ocrx_word' id='word_1_61' title='bbox 315 1863 410 1918; x_wconf 71' lang='grc' dir='ltr'><strong>Μήποτ·</strong></span> <span class='ocrx_word' id='word_1_62' title='bbox 426 1863 451 1915; x_wconf 74' lang='lat' dir='ltr'>ed</span> <span class='ocrx_word' id='word_1_63' title='bbox 464 1860 539 1935; x_wconf 77' lang='lat' dir='ltr'>r&#39;pdrm</span> <span class='ocrx_word' id='word_1_64' title='bbox 552 1864 660 1935; x_wconf 70' lang='grc' dir='ltr'>γέροντα.</span> 
     </span>
    </p>
   </div>
   <div class='ocr_carea' id='block_1_8' title="bbox 226 2046 1271 2147">
    <p class='ocr_par' dir='ltr' id='par_1_8' title="bbox 226 2046 1271 2147">
     <span class='ocr_line' id='line_1_11' title="bbox 226 2046 1271 2147; baseline 0.005 -31"><span class='ocrx_word' id='word_1_65' title='bbox 226 2046 318 2130; x_wconf 81' lang='lat' dir='ltr'>Quod</span> <span class='ocrx_word' id='word_1_66' title='bbox 333 2049 429 2116; x_wconf 90' lang='lat' dir='ltr'>etiam</span> <span class='ocrx_word' id='word_1_67' title='bbox 444 2047 542 2116; x_wconf 87' lang='lat' dir='ltr'>refert</span> <span class='ocrx_word' id='word_1_68' title='bbox 558 2048 761 2136; x_wconf 83' lang='lat' dir='ltr'>Aristoteles,</span> <span class='ocrx_word' id='word_1_69' title='bbox 782 2060 815 2117; x_wconf 94' lang='lat' dir='ltr'>et</span> <span class='ocrx_word' id='word_1_70' title='bbox 832 2050 1054 2147; x_wconf 76' lang='lat' dir='ltr'>diogenianus</span> <span class='ocrx_word' id='word_1_71' title='bbox 1073 2052 1271 2142; x_wconf 83' lang='lat' dir='ltr'>amplissime</span> 
     </span>
    </p>
   </div>
   <div class='ocr_carea' id='block_1_9' title="bbox 221 2175 1271 3359">
    <p class='ocr_par' dir='ltr' id='par_1_9' title="bbox 221 2175 1271 2398">
     <span class='ocr_line' id='line_1_12' title="bbox 227 2175 1271 2266; baseline 0 -22"><span class='ocrx_word' id='word_1_72' title='bbox 227 2175 421 2266; x_wconf 70' lang='lat' dir='ltr'>explicavit:</span> <span class='ocrx_word' id='word_1_73' title='bbox 440 2182 535 2263; x_wconf 69' lang='lat' dir='ltr'>pdum’</span> <span class='ocrx_word' id='word_1_74' title='bbox 553 2184 581 2242; x_wconf 79' lang='grc' dir='ltr'>εὖ</span> <span class='ocrx_word' id='word_1_75' title='bbox 600 2181 682 2265; x_wconf 75' lang='grc' dir='ltr'>ἕρδειν</span> <span class='ocrx_word' id='word_1_76' title='bbox 703 2180 839 2264; x_wconf 75' lang='grc' dir='ltr'>γέροντας,</span> <span class='ocrx_word' id='word_1_77' title='bbox 853 2179 921 2263; x_wconf 69' lang='grc' dir='ltr'>μηδὲ</span> <span class='ocrx_word' id='word_1_78' title='bbox 940 2185 1033 2258; x_wconf 84' lang='grc' dir='ltr'>παῖδα,</span> <span class='ocrx_word' id='word_1_79' title='bbox 1057 2182 1125 2263; x_wconf 79' lang='grc' dir='ltr'>μηδὲ</span> <span class='ocrx_word' id='word_1_80' title='bbox 1146 2188 1271 2264; x_wconf 82' lang='grc' dir='ltr'>γυναῖκα,</span> 
     </span>
     <span class='ocr_line' id='line_1_13' title="bbox 221 2298 827 2398; baseline -0.005 -34"><span class='ocrx_word' id='word_1_81' title='bbox 221 2302 296 2398; x_wconf 79' lang='grc' dir='ltr'>Ιμηδὲ</span> <span class='ocrx_word' id='word_1_82' title='bbox 309 2301 376 2364; x_wconf 79' lang='grc' dir='ltr'>κύνα</span> <span class='ocrx_word' id='word_1_83' title='bbox 385 2301 465 2379; x_wconf 80' lang='grc' dir='ltr'>τινός,</span> <span class='ocrx_word' id='word_1_84' title='bbox 481 2300 548 2382; x_wconf 82' lang='grc' dir='ltr'>μηδὲ</span> <span class='ocrx_word' id='word_1_85' title='bbox 558 2302 639 2362; x_wconf 67' lang='lat' dir='ltr'>ludov</span> <span class='ocrx_word' id='word_1_86' title='bbox 654 2298 827 2375; x_wconf 77' lang='grc' dir='ltr'>κωπηλάτην.</span> 
     </span>
    </p>

    <p class='ocr_par' dir='ltr' id='par_1_10' title="bbox 226 2419 1271 3359">
     <span class='ocr_line' id='line_1_14' title="bbox 270 2419 1268 2511; baseline -0.001 -22"><span class='ocrx_word' id='word_1_87' title='bbox 270 2421 329 2490; x_wconf 87' lang='lat' dir='ltr'>His</span> <span class='ocrx_word' id='word_1_88' title='bbox 349 2421 481 2511; x_wconf 89' lang='lat' dir='ltr'>quidem</span> <span class='ocrx_word' id='word_1_89' title='bbox 506 2421 627 2489; x_wconf 90' lang='lat' dir='ltr'>similia</span> <span class='ocrx_word' id='word_1_90' title='bbox 649 2441 717 2488; x_wconf 85' lang='lat' dir='ltr'>nen</span> <span class='ocrx_word' id='word_1_91' title='bbox 747 2428 825 2488; x_wconf 94' lang='lat' dir='ltr'>sunt</span> <span class='ocrx_word' id='word_1_92' title='bbox 850 2419 962 2488; x_wconf 88' lang='lat' dir='ltr'>omnia</span> <span class='ocrx_word' id='word_1_93' title='bbox 988 2420 1172 2509; x_wconf 88' lang='lat' dir='ltr'>proverbia.</span> <span class='ocrx_word' id='word_1_94' title='bbox 1201 2423 1268 2488; x_wconf 92' lang='lat' dir='ltr'>lmo</span> 
     </span>
     <span class='ocr_line' id='line_1_15' title="bbox 226 2541 1269 2632; baseline -0.003 -17"><span class='ocrx_word' id='word_1_95' title='bbox 226 2547 328 2615; x_wconf 89' lang='lat' dir='ltr'>multa</span> <span class='ocrx_word' id='word_1_96' title='bbox 343 2567 403 2614; x_wconf 90' lang='lat' dir='ltr'>nos</span> <span class='ocrx_word' id='word_1_97' title='bbox 421 2545 462 2614; x_wconf 87' lang='lat' dir='ltr'>ad</span> <span class='ocrx_word' id='word_1_98' title='bbox 477 2546 629 2614; x_wconf 90' lang='lat' dir='ltr'>virtutem</span> <span class='ocrx_word' id='word_1_99' title='bbox 648 2544 808 2632; x_wconf 84' lang='lat' dir='ltr'>incitant3</span> <span class='ocrx_word' id='word_1_100' title='bbox 827 2541 928 2613; x_wconf 88' lang='lat' dir='ltr'>multa</span> <span class='ocrx_word' id='word_1_101' title='bbox 943 2543 1127 2613; x_wconf 76' lang='lat' dir='ltr'>desiderius</span> <span class='ocrx_word' id='word_1_102' title='bbox 1146 2554 1269 2632; x_wconf 88' lang='lat' dir='ltr'>noster,</span> 
     </span>
     <span class='ocr_line' id='line_1_16' title="bbox 226 2667 1271 2760; baseline 0.001 -24"><span class='ocrx_word' id='word_1_103' title='bbox 226 2668 314 2738; x_wconf 87' lang='lat' dir='ltr'>haud</span> <span class='ocrx_word' id='word_1_104' title='bbox 332 2669 503 2760; x_wconf 84' lang='lat' dir='ltr'>proverbia</span> <span class='ocrx_word' id='word_1_105' title='bbox 525 2667 668 2758; x_wconf 88' lang='lat' dir='ltr'>quidem,</span> <span class='ocrx_word' id='word_1_106' title='bbox 686 2667 744 2737; x_wconf 92' lang='lat' dir='ltr'>sed</span> <span class='ocrx_word' id='word_1_107' title='bbox 763 2667 932 2758; x_wconf 88' lang='lat' dir='ltr'>sapientiae</span> <span class='ocrx_word' id='word_1_108' title='bbox 951 2678 1112 2758; x_wconf 83' lang='lat' dir='ltr'>praeeepta</span> <span class='ocrx_word' id='word_1_109' title='bbox 1130 2688 1147 2734; x_wconf 92' lang='lat' dir='ltr'>e</span> <span class='ocrx_word' id='word_1_110' title='bbox 1163 2667 1271 2757; x_wconf 86' lang='lat' dir='ltr'>philo·</span> 
     </span>
     <span class='ocr_line' id='line_1_17' title="bbox 227 2790 1269 2883; baseline -0.002 -20"><span class='ocrx_word' id='word_1_111' title='bbox 227 2793 403 2883; x_wconf 86' lang='lat' dir='ltr'>sophorum</span> <span class='ocrx_word' id='word_1_112' title='bbox 420 2792 547 2882; x_wconf 88' lang='lat' dir='ltr'>seriptis</span> <span class='ocrx_word' id='word_1_113' title='bbox 564 2791 722 2882; x_wconf 84' lang='lat' dir='ltr'>exeerpsit</span> <span class='ocrx_word' id='word_1_114' title='bbox 728 2818 738 2880; x_wconf 86' lang='lat'><em>3</em></span> <span class='ocrx_word' id='word_1_115' title='bbox 755 2811 860 2882; x_wconf 84' lang='lat' dir='ltr'>neque</span> <span class='ocrx_word' id='word_1_116' title='bbox 885 2812 1029 2880; x_wconf 85' lang='lat' dir='ltr'>unquam</span> <span class='ocrx_word' id='word_1_117' title='bbox 1043 2790 1179 2878; x_wconf 86' lang='lat' dir='ltr'>omittit,</span> <span class='ocrx_word' id='word_1_118' title='bbox 1193 2813 1269 2881; x_wconf 90' lang='lat' dir='ltr'>quo·</span> 
     </span>
     <span class='ocr_line' id='line_1_18' title="bbox 228 2912 1271 3005; baseline 0.001 -23"><span class='ocrx_word' id='word_1_119' title='bbox 228 2913 290 2982; x_wconf 90' lang='lat' dir='ltr'>ties</span> <span class='ocrx_word' id='word_1_120' title='bbox 310 2914 403 2983; x_wconf 86' lang='lat' dir='ltr'>datur</span> <span class='ocrx_word' id='word_1_121' title='bbox 416 2916 518 3001; x_wconf 69' lang='lat' dir='ltr'>locus</span> <span class='ocrx_word' id='word_1_122' title='bbox 544 2925 690 2983; x_wconf 90' lang='lat' dir='ltr'>veterum</span> <span class='ocrx_word' id='word_1_123' title='bbox 704 2913 911 3005; x_wconf 86' lang='lat' dir='ltr'>prudentiam</span> <span class='ocrx_word' id='word_1_124' title='bbox 933 2912 1044 2982; x_wconf 78' lang='lat' dir='ltr'>divina</span> <span class='ocrx_word' id='word_1_125' title='bbox 1060 2913 1179 2982; x_wconf 84' lang='lat' dir='ltr'>Christi</span> <span class='ocrx_word' id='word_1_126' title='bbox 1198 2913 1271 2983; x_wconf 81' lang='lat' dir='ltr'>dec·</span> 
     </span>
     <span class='ocr_line' id='line_1_19' title="bbox 229 3039 1270 3131; baseline 0 -23"><span class='ocrx_word' id='word_1_127' title='bbox 229 3040 316 3108; x_wconf 75' lang='lat' dir='ltr'>trind</span> <span class='ocrx_word' id='word_1_128' title='bbox 336 3041 538 3109; x_wconf 80' lang='lat' dir='ltr'>confirmare.</span> <span class='ocrx_word' id='word_1_129' title='bbox 557 3042 599 3109; x_wconf 82' lang='lat' dir='ltr'>At</span> <span class='ocrx_word' id='word_1_130' title='bbox 614 3040 717 3131; x_wconf 88' lang='lat' dir='ltr'>proha</span> <span class='ocrx_word' id='word_1_131' title='bbox 731 3040 786 3107; x_wconf 89' lang='lat' dir='ltr'>illa</span> <span class='ocrx_word' id='word_1_132' title='bbox 802 3039 939 3108; x_wconf 87' lang='lat' dir='ltr'>eonsiha</span> <span class='ocrx_word' id='word_1_133' title='bbox 953 3040 1151 3109; x_wconf 91' lang='lat' dir='ltr'>sententiam</span> <span class='ocrx_word' id='word_1_134' title='bbox 1165 3041 1270 3130; x_wconf 85' lang='lat' dir='ltr'>magis</span> 
     </span>
     <span class='ocr_line' id='line_1_20' title="bbox 229 3163 1270 3256; baseline -0.002 -23"><span class='ocrx_word' id='word_1_135' title='bbox 229 3186 326 3256; x_wconf 86' lang='lat' dir='ltr'>quam</span> <span class='ocrx_word' id='word_1_136' title='bbox 341 3166 549 3256; x_wconf 87' lang='lat' dir='ltr'>proverbium</span> <span class='ocrx_word' id='word_1_137' title='bbox 570 3167 671 3254; x_wconf 85' lang='lat' dir='ltr'>olent,</span> <span class='ocrx_word' id='word_1_138' title='bbox 694 3174 730 3233; x_wconf 93' lang='lat' dir='ltr'>ut</span> <span class='ocrx_word' id='word_1_139' title='bbox 749 3187 787 3234; x_wconf 82' lang='lat' dir='ltr'>ex</span> <span class='ocrx_word' id='word_1_140' title='bbox 807 3163 1019 3255; x_wconf 85' lang='lat' dir='ltr'>sequentihus</span> <span class='ocrx_word' id='word_1_141' title='bbox 1044 3165 1201 3255; x_wconf 80' lang='lat' dir='ltr'>exemplis</span> <span class='ocrx_word' id='word_1_142' title='bbox 1220 3165 1270 3234; x_wconf 85' lang='lat' dir='ltr'>vi·</span> 
     </span>
     <span class='ocr_line' id='line_1_21' title="bbox 229 3289 391 3359; baseline -0.012 0"><span class='ocrx_word' id='word_1_143' title='bbox 229 3289 306 3359; x_wconf 90' lang='lat' dir='ltr'>dere</span> <span class='ocrx_word' id='word_1_144' title='bbox 320 3300 369 3358; x_wconf 92' lang='lat' dir='ltr'>est</span> <span class='ocrx_word' id='word_1_145' title='bbox 384 3315 391 3357; x_wconf 95' lang='lat'>:</span> 
     </span>
    </p>
   </div>
   <div class='ocr_carea' id='block_1_10' title="bbox 265 3481 1087 4144">
    <p class='ocr_par' dir='ltr' id='par_1_11' title="bbox 266 3481 732 3558">
     <span class='ocr_line' id='line_1_22' title="bbox 266 3481 732 3558; baseline -0.011 -14"><span class='ocrx_word' id='word_1_146' title='bbox 266 3519 301 3531; x_wconf 95' lang='lat'><em>-</em></span> <span class='ocrx_word' id='word_1_147' title='bbox 319 3490 352 3544; x_wconf 89' lang='lat' dir='ltr'>ln</span> <span class='ocrx_word' id='word_1_148' title='bbox 363 3483 476 3558; x_wconf 82' lang='lat' dir='ltr'>magnis</span> <span class='ocrx_word' id='word_1_149' title='bbox 487 3481 609 3541; x_wconf 86' lang='lat' dir='ltr'>voluisse</span> <span class='ocrx_word' id='word_1_150' title='bbox 621 3491 666 3541; x_wconf 87' lang='lat' dir='ltr'>sat</span> <span class='ocrx_word' id='word_1_151' title='bbox 677 3490 732 3541; x_wconf 88' lang='lat' dir='ltr'>est.</span> 
     </span>
    </p>

    <p class='ocr_par' dir='ltr' id='par_1_12' title="bbox 265 3581 554 3655">
     <span class='ocr_line' id='line_1_23' title="bbox 265 3581 554 3655; baseline -0.007 -19"><span class='ocrx_word' id='word_1_152' title='bbox 265 3612 300 3628; x_wconf 79' lang='grc' dir='ltr'>-ι</span> <span class='ocrx_word' id='word_1_153' title='bbox 312 3583 355 3641; x_wconf 76' lang='grc' dir='ltr'>Μὴ</span> <span class='ocrx_word' id='word_1_154' title='bbox 369 3581 554 3655; x_wconf 75' lang='grc' dir='ltr'>μνησικακήσῃς.</span> 
     </span>
    </p>

    <p class='ocr_par' dir='ltr' id='par_1_13' title="bbox 265 3679 541 3737">
     <span class='ocr_line' id='line_1_24' title="bbox 265 3679 541 3737; baseline -0.004 -1"><span class='ocrx_word' id='word_1_155' title='bbox 265 3710 302 3723; x_wconf 95' lang='grc'><strong>-</strong></span> <span class='ocrx_word' id='word_1_156' title='bbox 318 3680 423 3736; x_wconf 84' lang='lat' dir='ltr'>Tecum</span> <span class='ocrx_word' id='word_1_157' title='bbox 433 3679 541 3737; x_wconf 86' lang='lat' dir='ltr'>hahita.</span> 
     </span>
    </p>

    <p class='ocr_par' dir='ltr' id='par_1_14' title="bbox 265 3774 897 3851">
     <span class='ocr_line' id='line_1_25' title="bbox 265 3774 897 3851; baseline -0.006 -17"><span class='ocrx_word' id='word_1_158' title='bbox 265 3777 510 3851; x_wconf 88' lang='lat' dir='ltr'>-Nequidquam</span> <span class='ocrx_word' id='word_1_159' title='bbox 522 3777 598 3851; x_wconf 88' lang='lat' dir='ltr'>sapit</span> <span class='ocrx_word' id='word_1_160' title='bbox 608 3776 659 3850; x_wconf 90' lang='lat' dir='ltr'>qui</span> <span class='ocrx_word' id='word_1_161' title='bbox 673 3775 727 3834; x_wconf 88' lang='lat' dir='ltr'>sihi</span> <span class='ocrx_word' id='word_1_162' title='bbox 741 3792 799 3835; x_wconf 88' lang='lat' dir='ltr'>non</span> <span class='ocrx_word' id='word_1_163' title='bbox 810 3774 897 3849; x_wconf 87' lang='lat' dir='ltr'>sapit.</span> 
     </span>
    </p>

    <p class='ocr_par' dir='ltr' id='par_1_15' title="bbox 266 3873 878 3948">
     <span class='ocr_line' id='line_1_26' title="bbox 266 3873 878 3948; baseline -0.008 -16"><span class='ocrx_word' id='word_1_164' title='bbox 266 3907 302 3919; x_wconf 97' lang='lat'>-</span> <span class='ocrx_word' id='word_1_165' title='bbox 316 3874 365 3932; x_wconf 90' lang='lat' dir='ltr'>Sui</span> <span class='ocrx_word' id='word_1_166' title='bbox 380 3875 484 3948; x_wconf 87' lang='lat' dir='ltr'>cuique</span> <span class='ocrx_word' id='word_1_167' title='bbox 492 3890 588 3930; x_wconf 89' lang='lat' dir='ltr'>mores</span> <span class='ocrx_word' id='word_1_168' title='bbox 596 3873 710 3948; x_wconf 82' lang='lat' dir='ltr'>fingunt</span> <span class='ocrx_word' id='word_1_169' title='bbox 720 3874 878 3932; x_wconf 82' lang='lat' dir='ltr'>fortunam.</span> 
     </span>
    </p>

    <p class='ocr_par' dir='ltr' id='par_1_16' title="bbox 266 3972 1087 4144">
     <span class='ocr_line' id='line_1_27' title="bbox 266 3972 1087 4034; baseline 0 -4"><span class='ocrx_word' id='word_1_170' title='bbox 266 4005 302 4017; x_wconf 97' lang='lat'>-</span> <span class='ocrx_word' id='word_1_171' title='bbox 314 3973 436 4031; x_wconf 87' lang='lat' dir='ltr'>Dimidio</span> <span class='ocrx_word' id='word_1_172' title='bbox 445 3975 511 4034; x_wconf 85' lang='lat' dir='ltr'>vitae</span> <span class='ocrx_word' id='word_1_173' title='bbox 521 3973 592 4030; x_wconf 91' lang='lat' dir='ltr'>nihil</span> <span class='ocrx_word' id='word_1_174' title='bbox 609 3973 746 4030; x_wconf 82' lang='lat' dir='ltr'>differunt</span> <span class='ocrx_word' id='word_1_175' title='bbox 758 3973 855 4031; x_wconf 83' lang='lat' dir='ltr'>felices</span> <span class='ocrx_word' id='word_1_176' title='bbox 870 3973 906 4030; x_wconf 87' lang='lat' dir='ltr'>ah</span> <span class='ocrx_word' id='word_1_177' title='bbox 915 3972 1087 4030; x_wconf 78' lang='lat' dir='ltr'>infelicibus.</span> 
     </span>
     <span class='ocr_line' id='line_1_28' title="bbox 266 4070 1002 4144; baseline -0.001 -15"><span class='ocrx_word' id='word_1_178' title='bbox 266 4073 375 4129; x_wconf 90' lang='lat' dir='ltr'>-Non</span> <span class='ocrx_word' id='word_1_179' title='bbox 390 4072 486 4129; x_wconf 87' lang='lat' dir='ltr'>emnia</span> <span class='ocrx_word' id='word_1_180' title='bbox 498 4070 616 4130; x_wconf 82' lang='lat' dir='ltr'>veniunt</span> <span class='ocrx_word' id='word_1_181' title='bbox 626 4087 692 4144; x_wconf 84' lang='lat' dir='ltr'>quae</span> <span class='ocrx_word' id='word_1_182' title='bbox 706 4071 737 4127; x_wconf 89' lang='lat' dir='ltr'>in</span> <span class='ocrx_word' id='word_1_183' title='bbox 747 4071 843 4128; x_wconf 87' lang='lat' dir='ltr'>animo</span> <span class='ocrx_word' id='word_1_184' title='bbox 854 4070 1002 4129; x_wconf 89' lang='lat' dir='ltr'>statueris.</span> 
     </span>
    </p>
   </div>
   <div class='ocr_carea' id='block_1_11' title="bbox 0 0 1511 4904">
    <p class='ocr_par' dir='ltr' id='par_1_17' title="bbox 0 0 1511 4904">
     <span class='ocr_line' id='line_1_29' title="bbox 0 0 1511 4904; baseline 0 0"><span class='ocrx_word' id='word_1_185' title='bbox 0 0 1511 4904; x_wconf 95' lang='lat' dir='ltr'> </span> 
     </span>
    </p>
   </div>
  </div>
 </body>
</html>
