2992 4904
342 418 378 475 so
693 414 1034 490 ununscrrsrassur.

340 540 486 610 tionibus
510 561 607 631 quarn
633 541 807 610 sententiis
830 542 1012 633 propiores,
1038 562 1139 633 quum
1156 563 1251 611 musa
1270 540 1385 610 breves

218 746 223 754 ‚
339 667 520 738 locutiones
550 666 734 757 jamjudum
764 667 911 758 vulgatas
944 668 1089 737 numeris
1122 667 1306 754 inclusorit3
1337 668 1385 736 sio

338 791 426 884 apud
442 792 625 860 Ausonium
640 792 779 883 legimus
929 774 933 782 ’

345 1008 351 1018 ·
401 972 501 1030 Cultor
509 987 663 1029 arenarum
674 979 765 1043 vates,
777 973 824 1030 cui
838 971 921 1030 littus
936 972 1086 1030 arandum.

333 1147 367 1207 ct
381 1135 468 1227 apud
481 1137 664 1204 Nasonem:

402 1317 476 1385 Quid
488 1317 570 1388 facis,
581 1319 708 1388 OEnone,
721 1315 792 1390 quid
802 1332 897 1374 arenae
906 1317 1017 1375 semina
1024 1318 1164 1377 mandas?

373 1438 375 1442 ³
472 1417 534 1473 Non
547 1415 722 1489 profecturis
731 1415 832 1473 littora
841 1415 933 1473 bobus
947 1416 1030 1474 aras?

376 1579 451 1645 Hac
467 1576 554 1666 apud
567 1575 773 1646 Theocritum
787 1585 981 1646 occurrunt:

397 1786 434 1798 -
446 1755 510 1809 Ἴσον
520 1755 561 1809 καὶ
575 1756 676 1827 euripus
689 1756 772 1808 πόντον
784 1755 840 1815 ἁλὸς
852 1759 943 1815 πολιῆς.

398 1852 473 1908 Talis
487 1851 538 1925 qui
552 1867 651 1908 semen
664 1849 803 1924 sparserit
814 1849 891 1908 inter
903 1867 1001 1924 aquas.

328 2012 483 2102 Ejusdem
498 2013 535 2080 in
551 2012 734 2083 Charitibus
750 2038 758 2081 :

397 2221 432 2232 —
446 2188 507 2242 Ἀλλ’
516 2190 565 2250 ἴσος
577 2190 624 2263 γὰρ
639 2192 748 2262 ὁμόχθσς
762 2191 802 2245 ἐπ’
810 2192 861 2263 diu
871 2193 968 2264 κύματα
977 2193 1080 2264 perucia.

326 2341 423 2433 Apud
438 2343 606 2410 Maronem
625 2342 661 2409 in
682 2343 914 2433 Georgicorum
927 2343 1011 2412 libro
1028 2342 1184 2433 secundo,
1204 2344 1390 2437 eleganter.

324 2465 446 2536 dietum
462 2491 469 2534 :
1360 2452 1363 2458 ’

393 2652 483 2718 Quem
499 2652 549 2722 qui
560 2646 634 2705 scire
644 2647 725 2720 velit,
738 2648 835 2723 Libyci
845 2648 915 2708 velit
925 2650 1052 2722 equoris
1065 2651 1142 2710 idom

392 2747 506 2804 Discere
518 2761 605 2819 quam
614 2744 715 2802 multa
725 2746 855 2820 Zephyro
867 2747 1024 2805 turbentur
1038 2764 1145 2820 arena,

391 2849 460 2916 Aut,
477 2843 527 2901 ubi
541 2841 662 2917 navigiis
672 2841 827 2901 uiolentior
838 2841 941 2901 incidit
955 2845 1059 2916 Eurus,

392 2945 479 3002 Nosse
487 2938 566 3017 'quot
578 2941 650 3000 lonii
660 2941 778 3000 veniant
792 2942 829 2999 ud
841 2941 943 3000 littora
950 2942 1067 3003 fluctus.

225 3208 229 3214 ι
319 3112 498 3199 Multasquo
514 3109 594 3179 alias
614 3109 650 3178 in
672 3108 790 3202 (rubus
806 3108 846 3178 de
865 3111 964 3182 undis
984 3123 1018 3181 et
1033 3134 1134 3183 arena
1152 3116 1263 3207 agitur
1275 3118 1365 3188 locu-

319 3238 428 3306 tiones
441 3234 597 3326 reperias.

354 3404 393 3465 Ei<
409 3399 484 3474 ὕδωρ,
501 3403 524 3455 io
539 3400 620 3467 osan,
638 3402 691 3456 καθ’
703 3403 800 3471 ὕδατος,
816 3405 849 3466 si<
867 3398 924 3461 οἶνον
943 3408 1053 3481 γρᾶφνιν.

353 3504 433 3562 Adde
444 3521 451 3559 ε
464 3503 504 3563 Εἷς
521 3502 618 3574 ψάμμον
632 3501 900 3578 sinadensis-tudina»
911 3509 978 3560 πλιῖν
999 3506 1252 3584 anaema-'1309
1267 3513 1364 3584 κοσκίνῳ

320 3600 447 3665 &ethiani
461 3602 587 3672 ι’πιφίρνιν,

315 3750 352 3820 id
372 3761 421 3820 est
440 3750 546 3818 cribro
564 3773 687 3842 aquom
702 3749 849 3840 haurire,
865 3752 930 3842 vel,
947 3764 984 3823 ut
999 3753 1086 3846 apud
1103 3756 1274 3830 Plautum:
1288 3763 1362 3830 Im·

317 3873 409 3944 mem
424 3874 460 3941 io
469 3872 614 3942 emmam
623 3873 721 3966 qeris.
734 3873 787 3943 Sic
797 3875 954 3966 plurimas
963 3878 1157 3971 locutiones,
1169 3882 1362 3955 iisdemfere

320 3998 427 4069 uerbis
441 4009 473 4067 et
488 3998 651 4068 coloribus
669 3998 838 4088 conflatas,
852 4002 999 4092 ejusdem
1009 4004 1059 4072 rei
1069 4006 1239 4079 notionem
1254 4013 1362 4103 expri-
