2992 4904
264 529 299 587 st
609 526 653 583 ol:
671 527 805 584 lutcus
823 528 958 586 lilllSlll.

263 656 353 723 lnter
363 671 434 743 qua
448 651 579 721 atillam
593 652 760 742 posuerim
775 654 994 725 sententiam:

298 836 328 849 -
343 802 431 878 lgnis,
440 818 532 873 mare,
541 800 658 874 mulier,
671 801 729 860 tria
742 805 828 861 mala.

260 943 354 1014 Nulla
371 952 421 1012 est
439 941 507 1012 fere
528 942 656 1032 lingua,
671 943 709 1012 in
725 946 788 1034 qud
799 943 917 1035 adagio
932 945 1063 1016 leminis
1074 947 1303 1020 maledicentia

262 1089 331 1137 non
344 1073 514 1136 occurrant
531 1090 539 1132 ε
556 1065 604 1134 sic
619 1064 705 1156 apud
720 1067 976 1148 Graecosruoo‘oc
994 1068 1075 1152 φρένα
1085 1071 1306 1161 lliogenianus

260 1188 359 1258 refert
372 1187 471 1277 vulgo
497 1187 576 1261 olim
596 1186 734 1277 laudari,
748 1188 841 1258 sicui
855 1190 987 1259 stultam
1004 1201 1036 1259 et
1046 1212 1201 1261 vesanam
1210 1214 1303 1265 men·

259 1319 325 1380 tem
338 1307 534 1400 exprobrare
545 1309 582 1376 in
600 1309 712 1379 animo
726 1309 860 1379 habeas.

302 1435 386 1503 Sunt
396 1442 504 1502 tamen
520 1432 649 1523 adagio,
664 1454 765 1524 eaque
780 1455 864 1524 pene
876 1434 1140 1524 innumerabilia,
1158 1460 1229 1529 quae
1246 1439 1306 1508 ali·

258 1583 356 1655 quam
369 1582 498 1631 morum
516 1570 548 1629 et
563 1560 638 1630 vitae
652 1560 894 1631 institutionem
905 1563 1090 1653 legentibus
1105 1575 1302 1655 proponunt.

257 1685 360 1766 Quem
374 1703 451 1752 vero
469 1681 727 1752 institutionem!
753 1684 858 1773 Finge
874 1682 1112 1756 adolescentem
1130 1687 1308 1778 quemlibet

256 1950 346 2021 perc.
372 1931 409 1997 ln
432 1927 497 1996 illis
517 1926 649 2018 quidem
674 1921 779 1997 multa
797 1949 872 1996 eum
886 1929 1096 2000 inventurum
1120 1953 1190 2001 esse
1217 1931 1305 2000 haud

256 2053 381 2122 infitior
392 2072 464 2143 qum
478 2052 586 2142 ipsum
598 2052 640 2121 ad
650 2064 736 2121 recte
748 2051 933 2122 laciendum
947 2053 1127 2144 impellant,
1137 2055 1305 2125 sedmulta

256 2198 369 2249 rursus
383 2197 455 2268 quae
470 2186 527 2246 aut
539 2177 693 2246 virtutem
707 2198 823 2266 parum
839 2197 951 2245 curare
968 2188 1024 2246 aut
1040 2178 1199 2247 deteriora
1214 2148 1307 2270 sequi

256 2303 406 2374 doceant.
424 2301 507 2371 Sunt
522 2302 612 2371 enim
625 2300 800 2371 inhonesta
815 2301 944 2392 adagim
963 2313 1041 2372 sunt
1054 2303 1221 2394 ambigua,
1234 2325 1306 2396 quae

253 2425 386 2518 juvenis
401 2433 558 2512 mentem,
583 2444 709 2492 ceream
723 2423 760 2492 in
783 2424 899 2493 vitium
920 2423 1020 2512 flecti,
1039 2435 1259 2517 corrumpant,
1278 2426 1307 2495 si

258 2545 356 2616 modo
377 2545 428 2613 his
447 2554 592 2613 mentem
616 2545 777 2636 applicare
799 2543 989 2615 decreverit.
1008 2551 1045 2615 ln
1069 2546 1144 2634 hoc,
1162 2559 1198 2617 ut
1212 2548 1307 2618 multi

258 2672 384 2757 volunt,
400 2669 551 2737 humanae
573 2669 742 2759 sapientiae
757 2668 908 2739 thesemo
929 2692 1015 2762 pone
1038 2672 1177 2761 aliquem
1199 2693 1306 2763 prava

257 2793 380 2867 indolis
394 2802 427 2859 ct
438 2790 479 2860 ad
492 2792 593 2860 malas
611 2801 695 2860 artes
706 2793 775 2880 jam
788 2801 904 2860 natura
917 2814 1115 2884 propensum
1130 2793 1303 2884 ephebum.

258 2918 361 2992 Proh!
380 2927 501 3009 quanta
514 2927 660 2986 occurret
676 2927 945 3005 argumentorum
961 2910 1054 3009 eopia
1070 2918 1109 2986 ad
1125 2917 1306 2987 excusanda

260 3065 299 3115 ea
319 3062 527 3135 quacumque
552 3040 742 3133 deliquerit!
761 3040 845 3123 Quid
860 3062 936 3110 eum
954 3042 1004 3111 vis
1020 3051 1076 3111 aut
1092 3043 1226 3132 sentire,
1251 3053 1307 3113 aut

261 3190 371 3260 agere,
389 3168 441 3237 cui
456 3165 737 3237 commendabitur
746 3166 828 3236 illud
838 3188 857 3234 a
868 3166 1035 3258 Lysandro
1047 3168 1126 3237 olim
1142 3168 1264 3238 dictum
1274 3177 1308 3238 et

261 3291 348 3384 apud
356 3295 482 3407 Qraecos
490 3292 588 3381 vulgo
599 3290 818 3380 decantatum,
835 3298 915 3361 teste
929 3291 1100 3361 Plutarcho
1120 3317 1127 3360 :

298 3495 333 3507 -
342 3464 414 3522 'deal
428 3462 513 3519 λιοντὴ
528 3461 563 3534 μὴ
581 3461 692 3524 aburat.
707 3462 834 3534 ίφικνιῖται
852 3462 893 3520 rto
905 3463 1033 3520 maenala
1044 3461 1182 3536 προσάψων.

264 3613 336 3681 Jam
348 3607 403 3676 ille
418 3607 506 3676 inter
519 3607 672 3677 homines
693 3607 782 3677 velut
796 3609 884 3677 inter
898 3607 1010 3678 hostes
1023 3607 1204 3678 versabitur
1213 3607 1308 3698 eique

264 3733 437 3829 proverbio
453 3733 534 3803 illud
545 3734 703 3824 adjunget
722 3760 730 3803 ι

339 3926 376 3937 -
387 3894 473 3951 Dolus
484 3909 520 3950 an
539 3893 643 3963 virtus,
653 3892 719 3965 quis
730 3891 759 3948 in
771 3891 853 3950 hoste
862 3893 1009 3966 requirat?

268 4049 328 4097 nec
340 4026 561 4114 obliviscetur,
578 4024 665 4116 quod
678 4024 890 4118 Epicharmus
905 4035 1018 4096 monet
1036 4050 1044 4094 ι

336 4193 373 4208 -
386 4165 455 4235 ilios
475 4160 515 4215 καὶ
534 4159 639 4233 μιμνασ’
650 4160 768 4216 tonde.
