2992 4904
570 428 615 486 DE
633 428 767 487 annuus
784 428 920 487 altasar.
1230 429 1267 487 29

214 604 216 607 -
264 559 311 630 Ea
326 565 376 624 est
390 575 475 644 saepe
486 552 597 642 adagii
606 552 749 622 brevitas
762 563 800 621 ut
816 572 1022 642 nequaqnam
1038 551 1180 641 intelligi
1191 572 1268 641 pos·

222 681 277 750 sit.
292 682 396 762 Quum
413 678 495 747 diois
509 677 562 737 ἅλα
576 675 623 739 καὶ
636 675 750 757 κύαμον,
763 676 866 745 salem
877 687 908 744 et
920 675 1049 766 fudam,
1060 674 1267 744 addendum:

222 803 383 886 προτιθέναι,
400 814 494 892 atque
508 797 647 870 subinde
663 799 841 890 intelligas,
857 799 913 890 qui
925 799 1025 867 salem
1043 809 1076 866 et
1088 798 1197 866 fabam
1212 799 1271 868 ob-

222 929 354 1017 tulerit,
389 928 481 997 illum
511 948 581 1019 esse
609 936 728 996 vatem.
758 927 1001 1015 Nonnunquam
1024 935 1143 992 autem
1159 946 1272 994 verum

223 1054 342 1135 αἴνιγμα,
352 1053 445 1144 quasi
458 1051 695 1140 divinantibus,
707 1050 902 1142 proponitur
916 1075 924 1116 :

260 1243 294 1258 -·
308 1213 389 1286 Ἄκρον
400 1213 460 1268 tect
474 1213 515 1266 καὶ
530 1214 600 1284 μέσον
613 1211 670 1274 iisse

226 1354 313 1446 quod
332 1354 577 1424 consulentibus
600 1351 763 1442 AEginetis
778 1351 822 1420 'ab
848 1325 977 1420 oraculo
992 1372 1187 1441 responsum
1207 1361 1272 1419 tra·

224 1478 318 1549 dunt.

269 1603 321 1673 Ad
339 1602 421 1672 illud
438 1601 588 1691 ellipseos
605 1621 711 1690 genus
729 1600 872 1668 libenter
889 1603 1029 1670 referam
1049 1599 1113 1669 hoo
1137 1620 1274 1690 respon*-

226 1747 311 1813 sum,
324 1747 388 1816 quo
404 1745 488 1792 vana
501 1734 672 1791 narrantes
688 1722 767 1791 olim
780 1721 1002 1792 irridebantur
1018 1749 1026 1791 ι

259 1880 307 1938 Εἶτ’
320 1884 459 1957 ἐξηγρόμην,
477 1880 582 1939 deinde
592 1879 824 1954 expergiscebar,

226 2034 318 2125 quasi
343 2033 455 2102 omnia
479 2051 550 2122 quae
579 2029 640 2098 tibi
670 2039 802 2098 narrata
827 2028 966 2098 luissent
993 2029 1121 2098 somnia
1147 2010 1274 2098 tant'um

225 2161 438 2230 existimares

270 2285 392 2366 Quibus
412 2281 568 2372 exemplis
589 2289 680 2370 patet
698 2279 787 2347 inter
805 2279 911 2351 varias
930 2281 1134 2351 locutionum
1155 2282 1275 2352 formas

149 2419 157 2437 ·
225 2409 425 2501 praeoipuum
443 2407 571 2498 ellipsin
589 2405 698 2473 locum
711 2404 872 2474 obtinere.
891 2406 956 2474 Sed
972 2417 1005 2475 et
1017 2408 1119 2475 multa
1132 2429 1192 2497 per
1210 2408 1275 2477 iro-

227 2534 318 2602 niam
332 2543 571 2619 memorantur3
594 2550 692 2620 quam
707 2529 841 2598 adhibet
856 2532 912 2622 qui
932 2542 1119 2623 exoptatum
1138 2532 1277 2600 afferens

228 2658 393 2745 nuntium,
410 2655 489 2725 dicit
507 2681 514 2725 :
540 2658 571 2716 οὗ
580 2655 698 2735 πόλεμον
715 2656 832 2736 ἀγγελῶ.
1015 2643 1018 2658 ’

272 2780 306 2848 Si
319 2779 436 2849 stolido
446 2779 576 2847 homini
587 2779 730 2849 alludere
751 2779 788 2847 in
800 2779 911 2849 animo
933 2779 1100 2868 habueris,
1124 2780 1278 2871 adagium

229 2901 344 2971 citabis
359 2903 492 2982 μήδεποτε
507 2901 600 2983 μηδεὶς
608 2901 755 2986 Μεγαρέων
765 2901 867 2982 γένοιτο
879 2901 1035 2986 σὀφώτερυς.
1047 2906 1087 2972 Et
1100 2903 1163 2971 alid
1171 2903 1279 2973 ironia

228 3037 365 3097 utuntur
381 3029 444 3117 qua
458 3049 592 3118 prorsus
605 3026 783 3098 absurdum
800 3029 923 3122 aliquid
940 3052 1009 3099 esse
1029 3030 1152 3099 dictum
1174 3031 1279 3122 signi-

229 3154 341 3222 ficant.
363 3152 475 3221 Dicere
502 3174 570 3222 non
590 3153 705 3244 piget:
726 3152 977 3236 'Errtctotlwe
1000 3156 1063 3244 vel,
1088 3166 1125 3225 ut
1148 3154 1280 3246 quidam

231 3275 376 3359 ἀμύθητος,
401 3275 437 3343 id
463 3286 528 3359 est,
556 3277 733 3346 Mercurius
758 3278 826 3346 noa
847 3277 1001 3347 initiatus
1028 3301 1128 3371 quum
1153 3279 1207 3347 ille
1238 3280 1282 3348 sit

232 3398 480 3490 disciplinarum
503 3410 536 3468 et
557 3401 750 3491 eloquentia
768 3425 899 3495 parens,
922 3405 974 3473 vel
996 3403 1160 3494 indoctus,
1180 3426 1281 3495 quum

236 3535 420 3617 μυσταγωγός,
435 3526 471 3595 id
481 3534 531 3595 est
538 3527 704 3618 mysteriis
716 3530 898 3620 prefectus,
916 3531 1014 3621 vulgo
1028 3531 1198 3601 habeatur.

278 3651 377 3722 Multa
394 3651 556 3742 ejusmodi
567 3651 684 3743 adagia
703 3653 811 3722 ineos
827 3653 978 3724 homines
995 3658 1204 3747 reperiuntur
1226 3661 1283 3751 qui

234 3774 381 3867 quamvis
410 3775 517 3866 inepti
541 3775 611 3844 sint
639 3797 745 3866 neque
771 3797 891 3847 munus
925 3778 1093 3870 quodlibet
1121 3782 1282 3852 sustinere

158 3938 162 3943 <
236 3905 370 3987 queant,
384 3904 492 3964 tamen
506 3896 638 3986 superbi
648 3896 817 3967 incedunt.

271 4077 307 4087 -
323 4045 454 4118 'Elritrpar
467 4041 533 4119 αἶγες
545 4048 658 4120 ἀρότρων.
