2992 4904
238 380 256 435 8
588 383 633 438 ult
652 385 784 440 lucens
802 384 936 440 ElldSlll.

284 502 341 570 llla
361 502 433 594 ipsd
454 524 566 573 rerum
585 504 772 575 diversitate
791 529 861 577 non
876 508 1059 598 injucunda
1077 529 1149 581 esse
1167 509 1285 605 adagio

234 626 398 717 fatemur3
415 630 577 721 acceptius
598 630 750 700 etiamid
769 633 925 722 temporis
948 632 1009 703 luit
1030 655 1123 725 opus,
1142 635 1285 725 eoquod
1375 641 1379 650 '

235 753 456 827 acerbioribus
470 754 589 823 libellis
608 755 801 846 augebatur,
822 756 875 824 vel
895 757 932 824 in
947 779 1042 847 reges
1065 770 1098 829 et
1117 758 1153 827 in
1169 779 1284 831 mona·

234 879 324 967 chos,
334 879 385 948 rel
398 880 435 947 in
453 879 748 971 ecclesiamprisca
762 883 1102 974 paupertatisoblitam
1114 884 1280 976 conflatis,

232 1006 320 1075 unde
343 1010 513 1077 Erasmum
535 1008 629 1077 illius
647 1007 752 1077 aetatis
773 1007 927 1078 homines
953 1009 1043 1077 velut
1066 1009 1283 1100 Theophrasti

182 1197 187 1207 ,
232 1152 268 1199 ac
280 1135 296 1200 J
300 1133 444 1202 uvenalis
460 1133 612 1203 amulum
621 1153 748 1203 summo
761 1133 870 1203 lavore
882 1134 1047 1224 prosecuti
1058 1144 1146 1203 sunt.
1162 1135 1281 1224 Siquis

230 1263 340 1321 autem
359 1253 457 1322 hodie
474 1255 509 1322 in
522 1253 732 1346 Adupierum
750 1255 835 1325 libro
854 1254 975 1345 adagia
995 1256 1101 1327 solum
1120 1259 1279 1347 exquirat,

230 1378 402 1446 mirabitur
410 1388 575 1447 auctorem
586 1378 704 1469 longos
717 1378 839 1469 ubique
856 1388 981 1448 tentare
999 1401 1151 1451 excursus
1161 1380 1197 1451 in
1210 1381 1281 1469 qui·

174 1480 177 1487 ¹
229 1502 290 1571 bus
315 1503 504 1594 plerumque
530 1504 657 1572 deerret
680 1515 714 1572 et
735 1504 824 1573 uude
850 1503 940 1574 haud
968 1526 1099 1597 semper
1123 1504 1219 1575 facile
1245 1526 1280 1575 se

229 1629 376 1719 recipiat.
405 1630 537 1711 Quoties
562 1629 652 1697 enim
680 1629 771 1701 locus
798 1630 905 1718 datur,
935 1653 954 1700 a
979 1621 1147 1722 proposito
1179 1629 1280 1700 decli-

230 1761 298 1820 nat.
319 1726 448 1841 Adagia
464 1773 540 1822 vero
552 1753 625 1843 ipsa
639 1773 708 1821 non
725 1752 853 1821 dubitat
866 1764 923 1823 aut
937 1752 1146 1843 interpretari
1166 1762 1199 1823 et
1218 1771 1280 1824 uu-

228 1898 286 1946 ros
304 1877 345 1946 ad
358 1899 474 1947 sensus
487 1866 695 1969 detorquere,
714 1890 771 1948 aut
783 1900 822 1948 ea
839 1880 876 1948 in
898 1878 1144 1970 proverbiorum
1165 1897 1280 1949 nume·

228 2027 300 2076 rum
332 2006 486 2076 inducere
511 2027 582 2097 qua
609 2027 679 2077 non
708 2007 908 2099 appellamus
932 2005 1116 2096 proverbia.
1133 2006 1281 2095 Denique

228 2137 381 2204 Erasmus
394 2134 468 2224 plus
483 2133 584 2202 studii
595 2135 631 2202 in
645 2133 839 2223 colligendis
852 2130 979 2221 adagiis
995 2140 1029 2198 et
1039 2120 1116 2199 salis
1128 2131 1164 2197 iu
1176 2131 1280 2199 inter·

227 2263 397 2356 protendis
408 2263 560 2332 adhibuit
571 2283 670 2353 quam
683 2263 720 2331 iu
737 2260 916 2353 sebgendis
924 2259 1053 2350 judicii.

271 2389 364 2471 Quod
385 2389 414 2457 si
436 2388 479 2457 ad
498 2409 604 2479 genus
632 2388 791 2457 orationis
810 2386 957 2475 accedaS,
978 2388 1045 2477 qua
1063 2388 1216 2454 Erasmus
1239 2385 1277 2452 in

228 2512 410 2581 condendis
420 2511 631 2603 adagiisusus
641 2523 704 2600 est,
714 2511 804 2581 idem
814 2512 898 2580 ineu
913 2511 1043 2598 vitium,
1055 2508 1142 2600 quod
1156 2508 1193 2576 in
1203 2508 1278 2577 uni-

226 2642 319 2708 versa
336 2639 445 2729 operis
458 2661 629 2730 compage,
646 2639 801 2730 reperies.
818 2641 982 2728 Nusquam
998 2636 1035 2704 in
1044 2635 1182 2703 diversis
1196 2655 1274 2725 par·

226 2764 314 2832 tibus
335 2784 517 2832 consensus
540 2763 624 2832 ullus
644 2762 826 2854 apparebit,
848 2779 1009 2851 nusquam
1027 2758 1201 2827 harmonia
1218 2757 1275 2827 illa

226 2891 300 2978 qua,
312 2889 414 2956 veluti
427 2889 510 2956 miro
522 2898 698 2975 concentu,
713 2887 825 2957 omnia
840 2895 1024 2957 consonant
1039 2911 1048 2973 ;
1066 2894 1100 2952 at
1114 2884 1275 2973 singulari
1296 2924 1298 2928 »

225 3011 365 3102 quodam
390 3013 529 3080 tumultu
553 3013 665 3081 omnia
689 3013 870 3082 miscentur
893 3023 926 3080 et
952 3011 1218 3096 confunduntur,
1237 3017 1275 3076 ut

225 3135 337 3205 credas
350 3158 438 3205 nunc
453 3137 588 3206 atticum
599 3136 776 3225 rhetorem,
794 3136 944 3206 Isocratis
956 3134 1164 3225 discipulum,
1183 3151 1274 3200 nunc

224 3263 372 3352 quemvis
394 3264 412 3330 'e
430 3262 525 3353 plebe
548 3263 724 3354 optimates
742 3263 982 3353 increpantem,
998 3260 1075 3329 huic
1091 3257 1182 3348 operi
1202 3276 1272 3324 ma-

225 3407 304 3454 num
328 3386 522 3457 admovisse.
549 3388 714 3476 Nusquam
738 3385 828 3454 enirn
848 3385 916 3454 sibi
938 3391 1097 3475 temperat
1118 3384 1273 3449 Erasmus

225 3513 303 3604 quin
316 3512 449 3582 modum
460 3513 603 3583 excedat.
618 3515 734 3584 Totum
747 3532 828 3604 opus
842 3512 989 3581 oratione
1001 3508 1174 3578 illustravit
1184 3506 1271 3574 lace-
1315 3592 1318 3596 .

224 3638 360 3716 tissima,
383 3637 441 3706 sed
457 3638 555 3729 paulo
575 3638 748 3726 liberiore,
773 3636 1039 3727 locupletissime,
1066 3633 1124 3701 aad
1145 3633 1183 3703 in
1205 3635 1269 3722 qua

222 3758 610 3851 eloquentiaeproximum
622 3763 666 3831 sit
676 3762 791 3832 vitium
801 3761 882 3830 illud
895 3760 1008 3829 nimia
1019 3757 1189 3844 ubertatis,
1200 3757 1270 3825 siu·

223 3883 329 3974 gulari
351 3883 495 3973 demum,
517 3885 576 3954 sed
594 3885 817 3976 exquisitiore.
842 3886 944 3955 Nemo
967 3883 1003 3951 in
1026 3881 1179 3949 familiari
1199 3899 1270 3949 seu

221 4027 332 4095 mone,
364 4031 461 4078 nemo
488 4011 524 4078 in
549 4011 696 4102 epistolis
722 4020 789 4079 tam
813 4022 970 4080 renmtus
998 4018 1055 4078 aut
1081 4009 1140 4098 qui
1163 4005 1269 4094 magis
