2992 4904
221 428 239 483 6
572 429 616 485 DE
634 428 767 486 tenetls
785 428 918 484 tetsttt.

221 572 360 641 genera,
376 552 548 644 omniaque
561 554 660 622 etiam
676 553 833 622 orationis
847 553 957 622 latinae
972 549 1100 633 σχήματα
1121 552 1267 622 ediscant

217 677 356 764 juvenes
378 687 411 746 et
434 678 469 745 in
494 689 648 769 promptu
669 677 824 746 habeant.
849 678 958 767 Neque
984 699 1022 745 ea
1045 689 1173 747 tantum
1196 699 1267 768 quae

223 800 414 890 scripserint
430 803 568 892 antiqui,
582 801 641 871 sed
657 824 727 892 quae
738 803 774 870 iu
791 802 957 871 communi
973 802 1040 869 vita
1051 802 1268 893 loquebantur

221 925 364 994 restituit
387 937 419 994 et
448 928 544 996 nobis
562 928 671 997 tradit.
693 932 740 998 Eo
763 927 900 997 consilio
920 928 1072 1016 incepta,
1095 931 1133 996 ea
1157 940 1268 997 mente

222 1050 356 1119 collecta
372 1063 402 1119 et
415 1054 611 1122 concinnata
626 1065 703 1123 sunt
715 1052 859 1145 Adaqia.

267 1174 354 1244 Nihil
371 1198 441 1244 esse
456 1178 563 1267 potuit
576 1178 753 1268 aeqralibus
767 1179 837 1268 ejus
848 1178 1046 1269 jucundius3
1061 1200 1201 1269 namque
1216 1180 1266 1247 iri·

223 1307 273 1365 ter
282 1321 394 1368 causas
411 1322 482 1390 quae
496 1302 623 1369 Erasini
635 1300 772 1392 Adagiis
788 1312 912 1370 tantam
923 1303 1009 1393 apud
1020 1313 1149 1371 nostros
1160 1312 1268 1392 patres

222 1425 362 1512 gratiam
388 1427 644 1495 conciliaverunt
666 1427 756 1495 illam
778 1448 846 1495 non
875 1427 1073 1514 omittamus,
1093 1425 1269 1516 quamipse

223 1549 345 1637 optime
357 1551 495 1640 viderat,
514 1574 615 1643 quum
630 1552 756 1620 fabellis
771 1561 804 1619 et
816 1550 1067 1618 narratiunculis
1087 1550 1269 1618 orationem

223 1690 316 1740 suem
338 1673 561 1764 adspergeret,
578 1675 702 1744 scilicet
724 1647 916 1742 incredibile
942 1673 1021 1741 illud
1045 1672 1189 1741 studium
1204 1693 1269 1763 quo

224 1804 301 1863 aetas
317 1796 371 1863 illa
389 1808 459 1866 tum
479 1799 648 1889 apologos,
665 1809 735 1869 tum
751 1799 886 1868 dicteria
900 1807 957 1867 aut
977 1798 1150 1888 proverbia
1166 1807 1270 1866 secte-

224 1919 331 1989 batur.
351 1924 452 2002 Quem
468 1925 550 1992 fallit
563 1925 646 1992 nihil
657 1924 760 1994 medii
771 1925 831 1993 aevi
841 1923 1032 1993 hominibus
1048 1922 1149 1991 fuisse
1164 1924 1271 2013 magis

223 2059 390 2138 acceptum
411 2072 508 2140 quem
523 2049 611 2140 quod
630 2050 682 2121 vel
695 2049 862 2141 proverbii
874 2049 925 2118 vel
942 2047 1114 2116 sententie
1128 2049 1270 2137 speciem

224 2174 382 2246 haberet?
394 2179 501 2247 Multa
511 2179 547 2246 in
563 2179 716 2247 manibus
731 2178 903 2247 hominum
916 2187 1009 2244 erant
1024 2184 1167 2264 συλλογαί,
1184 2176 1272 2244 inter

225 2321 304 2389 quas
313 2303 460 2394 Dionysii
471 2305 602 2374 Catonis
609 2305 818 2391 collectanea,
827 2323 908 2393 opus
915 2300 1162 2369 celeberrimum
1170 2301 1269 2391 quocl,

224 2427 342 2517 sepius
355 2430 547 2498 translatum
560 2440 593 2497 et
606 2428 875 2498 annotationibus
891 2437 1034 2512 auctum,
1051 2424 1181 2495 videtur
1193 2426 1272 2495 olim

221 2549 487 2621 fuissavelutiars
499 2552 1141 2644 quedammorettsautnwpaoanon
1161 2549 1272 2619 minus

223 2677 411 2748 christianis
425 2701 521 2770 <quam
539 2680 718 2770 gentilibus
730 2678 1022 2747 accommodatum.
1042 2681 1161 2749 Omnes
1174 2678 1271 2767 juva-

224 2804 281 2874 bat
297 2807 415 2897 quibus
430 2808 547 2876 litteris
573 2818 700 2898 tempus
714 2817 747 2874 et
762 2826 897 2896 operam
917 2805 1109 2896 impendere
1129 2812 1270 2890 vacaret,

223 2932 427 3022 antiquitatis
463 2953 578 3001 recens
602 2941 737 3022 reperte
769 2941 984 2999 monumenta
1011 2950 1207 3022 percensere
1239 2937 1273 2996 et

224 3056 373 3128 scrutari.
391 3059 482 3124 Nunc
495 3055 679 3147 quotidiani
692 3056 853 3124 sermonis
865 3056 1054 3146 proverbia,
1075 3077 1165 3125 nunc
1182 3055 1272 3123 viro-

223 3201 298 3250 rum
322 3180 498 3249 illustrium
523 3179 622 3268 ueta,
646 3199 735 3248 nunc
758 3178 953 3247 clarissimas
973 3179 1167 3270 scriptorum
1194 3199 1272 3246 sen·

227 3305 345 3375 tentias
371 3306 577 3396 excipiebant
598 3316 630 3373 et
653 3304 963 3396 interpretabantur.
981 3306 1146 3387 -Quum
1170 3303 1273 3394 igitur

224 3435 377 3504 Erasmus
402 3433 597 3501 immensam
622 3429 793 3498 materiem
817 3429 921 3497 avidis
944 3428 1117 3520 equalium
1139 3447 1273 3497 suorum

224 3559 373 3650 ingeniis
388 3558 590 3649 praeberetet
605 3554 811 3624 facetissimis
827 3554 949 3624 salibus
959 3553 1160 3644 farraginem
1175 3553 1272 3622 istam

225 3684 449 3777 adspergeret,
467 3684 553 3754 illius
569 3704 660 3775 spem
673 3692 705 3751 et
720 3680 875 3750 fiduciam
887 3701 939 3750 res
958 3681 1030 3772 ipsa
1046 3677 1223 3770 superavit.

267 3936 319 4005 Ad
334 3936 423 4004 hunc
435 3935 555 4004 summi
567 3934 689 4003 laboris
699 3933 818 4003 libmm
830 3932 922 4002 omni
932 3941 1023 4023 parte
1036 3927 1272 4000 absolvendum

226 4061 299 4152 quis
319 4062 496 4131 valuisset?
511 4062 683 4131 Erasmum
701 4081 779 4131 vero
792 4059 932 4129 maxime
947 4056 1080 4149 propria
1098 4052 1228 4124 indoles
1238 4063 1272 4122 et
