2992 4904
578 460 619 514 llE
639 459 772 515 notens
793 461 926 515 andsiti.
1236 465 1272 521 33

227 603 333 647 errare
349 581 488 648 arbitror
500 583 556 670 qui
570 594 703 670 sperant
716 602 811 671 posse
825 604 859 649 se
876 584 911 648 in
932 582 1060 669 adagiis
1072 593 1128 647 ant
1141 583 1273 671 sapion-

227 704 305 770 tiam
329 705 477 793 gentium
511 716 566 772 aut
594 707 789 794 populorum
820 706 990 773 historiam
1019 705 1175 794 reperire.
1210 708 1272 787 Qui

227 840 384 917 quantum
414 831 619 922 decipiantur
633 831 727 898 facile
750 831 1002 917 animadvertas,
1025 831 1054 897 si
1081 830 1271 898 memineris

231 951 267 1018 in
287 953 498 1043 popularibus
516 955 610 1023 dictis
634 976 702 1023 non
726 955 823 1023 modo
851 954 1015 1023 contineri
1034 954 1086 1022 vel
1105 953 1193 1042 quod
1211 976 1270 1046 op-

227 1075 343 1144 timum
361 1076 403 1142 sit
426 1076 478 1165 (ad
494 1099 600 1144 mores
617 1079 706 1145 enirn
724 1078 816 1146 labor
841 1078 894 1144 ille
920 1075 1093 1167 pertineat)
1117 1075 1169 1143 vel
1185 1078 1269 1165 quod

227 1222 339 1269 verum
361 1201 403 1268 sit
423 1202 522 1290 (qnod
541 1203 672 1292 quidem
693 1202 840 1270 historiar
857 1202 1026 1292 proprium
1043 1211 1091 1268 est
1111 1222 1147 1268 ac
1174 1224 1271 1290 pecu-

226 1324 329 1414 liare),
353 1325 410 1392 sed
425 1327 586 1416 imprimis
599 1336 631 1394 et
648 1327 826 1417 saepissime
849 1325 936 1416 quod
948 1325 1097 1392 videatur
1108 1325 1270 1414 plerisque

226 1461 281 1517 aut
292 1451 417 1519 bonnm
430 1474 499 1520 esse
512 1464 567 1520 aut
578 1475 702 1522 verum.
719 1451 1066 1533 Quumvcrohomines
1079 1451 1271 1539 aliivitium,

228 1574 284 1641 alii
303 1568 455 1643 virtutem
472 1585 660 1666 sequantm,
676 1575 713 1642 hi
729 1595 854 1655 verum,
872 1574 921 1641 illi
933 1574 1051 1641 salsum
1071 1574 1271 1663 amplectan-

228 1709 297 1787 tur,
320 1700 438 1789 adagio
458 1701 576 1791 qnihus
592 1701 731 1792 exprimi
751 1701 858 1769 solent
881 1719 1009 1787 eaquae
1028 1699 1187 1766 sentimus
1217 1709 1272 1766 aut

225 1823 421 1911 proferimus
443 1847 555 1894 nonne
569 1837 708 1916 possunt
723 1826 765 1894 ad
780 1826 945 1894 doctrinas
968 1844 1065 1912 quam
1086 1823 1269 1891 diversissi-

224 1967 294 2015 mas
305 1954 475 2038 spectare?
489 1952 560 2020 Non
570 1952 672 2041 igitur
683 1950 892 2041 prudentiam
901 1949 1033 2037 generis
1044 1947 1195 2035 humani,
1212 1949 1270 2016 sed

223 2072 321 2140 unius
346 2084 400 2142 aut
421 2076 553 2144 alterius
574 2075 810 2166 experientiam
826 2083 858 2142 et
878 2073 952 2142 vitae
968 2093 1065 2140 usum
1092 2070 1267 2140 declarant.

268 2197 359 2276 Quod
374 2198 402 2265 si
415 2200 551 2268 moralia
565 2200 682 2291 adagia
700 2199 852 2289 colligere
869 2197 1007 2266 velimus
1028 2217 1098 2295 quaa
1110 2196 1152 2263 ad
1166 2217 1273 2264 mores

223 2331 382 2411 spectant,
396 2325 538 2413 primum
552 2324 731 2416 reJicienda
746 2335 823 2394 sunt
836 2324 936 2393 multa
953 2344 1024 2412 quaa
1039 2323 1090 2391 vel
1103 2322 1145 2390 ad
1158 2323 1272 2409 fastos,

222 2440 274 2508 vel
289 2443 330 2511 ad
346 2447 416 2514 coeli
430 2450 621 2540 temperiem
637 2459 669 2518 et
690 2449 885 2518 rusticarum
900 2467 1009 2514 rernm
1030 2466 1138 2532 usum,
1156 2446 1208 2512 vel
1231 2443 1272 2513 ad

222 2564 376 2634 alimenta
390 2580 422 2637 et
437 2572 581 2640 remedia
593 2573 821 2661 aegrotantium
833 2571 1012 2661 pertinent,
1029 2568 1150 2658 injuria
1164 2578 1272 2637 autem

221 2687 256 2755 in
271 2689 512 2783 philosophiam
520 2697 675 2764 moralem
691 2695 805 2764 collata
818 2704 906 2763 sunt.
921 2693 1008 2762 Nihil
1018 2692 1108 2760 enim
1120 2702 1169 2761 est
1185 2693 1272 2782 quod

224 2812 397 2898 proverbia
419 2836 487 2884 non
511 2817 693 2906 attigerint.
724 2815 887 2906 Quidquid
910 2813 1104 2882 hominibus
1126 2815 1272 2884 scientiae

223 2933 362 3021 contigit
384 2937 488 3004 serius
505 2947 560 3005 ant
574 2937 664 3006 ocius
679 2936 858 3006 includitur
872 2937 909 3003 in
926 2936 1052 3026 adagiis
1071 2946 1182 3028 utpote
1200 2960 1272 3028 quar

222 3054 315 3124 facile
330 3057 365 3122 in
377 3059 497 3147 populo
513 3060 636 3129 versari
652 3061 781 3151 possint
794 3070 826 3128 ct
836 3059 1050 3129 circumferri.

267 3182 314 3248 Ea
324 3182 459 3271 insuper
468 3185 575 3252 omitti
586 3185 772 3275 liceatque,
786 3184 848 3252 etsi
854 3204 1027 3252 commune
1035 3184 1119 3252 nihil
1128 3184 1272 3253 habeant

223 3329 297 3377 cum
308 3309 480 3399 proverbio
493 3320 525 3377 et
540 3310 673 3378 dicteria
689 3319 816 3377 tantum
832 3309 900 3377 sint
912 3318 967 3377 aut
978 3309 1059 3399 joci,
1081 3319 1191 3375 tamen
1210 3329 1272 3377 usu

222 3447 405 3527 temporum
414 3439 500 3505 inter
512 3432 795 3528 proverbialocum
804 3437 1028 3506 obtinuerunt.
1039 3441 1271 3507 Exstantnon·

223 3558 312 3625 nulla
335 3559 496 3649 ejusmodi
516 3559 644 3649 adagia,
661 3561 810 3628 acumine
826 3559 935 3650 potius
953 3560 994 3651 (si
1014 3560 1093 3650 quid
1115 3560 1162 3629 eis
1183 3560 1270 3630 inest

222 3683 392 3773 acuminis)
409 3705 505 3774 quam
516 3684 640 3772 judicio
654 3685 812 3775 insignia.
830 3686 973 3766 Quorum
994 3695 1043 3755 est
1057 3685 1139 3754 illud
1156 3687 1193 3754 in
1212 3706 1269 3755 eos

223 3797 279 3886 qui
292 3799 390 3866 vitam
408 3801 532 3890 degunt
543 3801 579 3868 in
593 3800 728 3870 urhihus
746 3828 756 3870 ε

260 3997 384 4053 -Οὐδὲν
399 4001 477 4070 φρονεῖ
489 3997 578 4050 δίκαιον
590 3997 648 4068 ἀνὴρ
661 3997 764 4058 &aalma
