2992 4904
574 498 618 554 DE
638 497 769 554 Annuus
788 497 925 552 ERASMl.
1228 501 1264 555 45

223 642 287 699 seo,
317 630 354 688 ut
384 619 440 708 qui
464 619 662 687 fraudulenti
690 629 722 687 et
744 619 874 687 fallaces
900 619 1051 705 fuissent,
1076 619 1206 708 probris
1227 642 1264 688 ao

222 744 376 813 conviciis
407 743 619 811 lacessebant.
653 752 796 834 Μεγαρίων
818 751 919 833 δάκρυα
948 743 1062 810 itidem
1091 743 1170 812 falsa
1204 743 1264 811 ha-

221 868 393 937 hehantur.

265 1033 311 1044 -
327 1002 461 1062 Φοινίκων
475 1001 602 1075 συνθῆκαι
627 1013 668 1059 ne
692 992 864 1059 minimam
888 992 1020 1082 quidem
1040 991 1139 1059 fldem
1166 991 1265 1060 habe·

223 1120 314 1188 bant.
344 1118 483 1186 Thraces
503 1116 631 1207 foedera
648 1117 771 1185 nescire
797 1118 931 1208 quisque
960 1116 1185 1185 confitebatur.
1210 1118 1268 1185 At-

222 1246 295 1314 ticis
316 1245 368 1313 vel
382 1244 461 1334 ipsis
478 1243 593 1332 adagio
608 1265 677 1311 non
699 1234 884 1334 pepercere.
900 1244 1071 1312 Dicebatur
1087 1244 1164 1311 olim
1181 1269 1189 1310 :
1204 1243 1266 1310 At-

224 1370 308 1437 ticus
328 1368 473 1436 moriens
484 1368 659 1468 porriqens
673 1390 822 1437 monam.

266 1494 356 1562 Adeo
373 1493 460 1561 nulla
475 1493 537 1560 fuit
550 1493 700 1582 gentium
715 1495 806 1582 cujus
820 1514 888 1561 non
907 1493 1024 1560 vitium
1047 1493 1177 1583 aliquod
1194 1493 1264 1563 his-

222 1616 313 1683 toriae
329 1638 389 1706 per
407 1614 580 1704 proverbia
593 1615 821 1684 mandaverint
833 1621 975 1684 veteres!

266 1740 358 1806 Nunc
387 1738 483 1805 venio
508 1737 549 1804 od
579 1759 708 1827 eaquae
734 1739 786 1806 vel
809 1737 849 1806 de
874 1738 1020 1807 moribus
1047 1748 1079 1805 et
1109 1738 1269 1827 religione

223 1871 382 1948 veterum,
396 1863 445 1930 rel
461 1862 500 1929 de
511 1861 701 1951 quotidiano
718 1862 902 1930 domesticae
915 1863 990 1930 vitae
1010 1861 1216 1942 commercio,
1234 1862 1270 1929 in

225 1985 350 2074 adagiis
367 1995 550 2054 occurrunt.
572 1987 675 2065 Quum
698 1985 784 2075 apud
803 1989 929 2054 Grecos
952 1986 1063 2053 omnia
1085 1986 1151 2053 fato
1175 2007 1269 2074 rege-

225 2119 349 2196 rentur,

296 2325 329 2334 -
349 2295 446 2367 Ἀνάγκη
460 2294 513 2348 οὐδὲ
525 2298 570 2350 θεοὶ
583 2297 710 2368 μάχονται,

226 2461 271 2528 ait
292 2461 487 2530 Simonides.
516 2464 618 2542 Quam
641 2463 773 2553 quidem
794 2463 991 2531 sententiam
1014 2463 1149 2554 Adagiis
1172 2469 1268 2533 Eros-

226 2608 299 2655 mus
313 2588 463 2656 inseruit.
484 2591 590 2657 Multae
609 2589 920 2659 circumferebantur
939 2591 1120 2659 locutiones
1135 2614 1152 2659 e
1165 2592 1266 2660 seori-

226 2711 308 2779 fioiis
326 2722 474 2802 sumptae,
487 2714 596 2803 quales
613 2738 620 2779 :

261 2954 295 2965 -
309 2923 434 2996 Persope
443 2941 525 2981 sacra
536 2926 611 2982 haud
622 2928 781 2996 sacrificata
795 2929 920 2985 devorat.

261 3051 300 3062 -
310 3021 379 3078 Cam
390 3023 507 3094 Delphis
519 3026 797 3098 sacrificationum&
805 3041 901 3083 caroea
912 3028 1044 3085 adsumit.

229 3198 315 3290 quod
327 3200 437 3268 avidos
451 3210 484 3268 et
498 3203 630 3290 gulosos
645 3205 833 3294 attingeret.

270 3339 458 3408 -Ἄκαπνος
473 3340 560 3420 θυσία,
578 3333 778 3423 sacrificium
798 3335 916 3428 absque
936 3337 1049 3428 sumo,
1073 3337 1109 3404 id
1128 3348 1176 3405 esi
1200 3338 1268 3405 elli·

228 3478 328 3547 guum
345 3468 377 3524 et
387 3466 483 3526 tenue
498 3460 694 3529 convivium.

271 3586 308 3649 ln
333 3582 582 3684 adagiisqetiam
601 3607 655 3654 eas
679 3585 804 3672 fabulas
832 3588 974 3679 reperire
1004 3598 1063 3668 est,
1087 3610 1157 3678 quoe
1179 3589 1270 3679 vulgi

231 3715 264 3772 et
285 3727 460 3794 puerorum
491 3719 635 3777 mentem
664 3711 879 3802 occupabant,
910 3721 947 3780 ut
971 3712 1028 3780 illa
1058 3712 1098 3781 de
1125 3715 1211 3782 Acco
1237 3721 1269 3782 et

232 3833 375 3925 alphita,
406 3860 542 3926 quarum
564 3841 736 3910 mulierum
764 3843 900 3911 nomine
927 3843 1114 3934 utebantur,
1141 3845 1266 3936 siquis

229 3982 365 4051 puerum
388 3984 407 4028 a
427 3962 591 4052 peccando
623 3965 783 4035 deterrere
798 3968 905 4037 vellet.
922 3972 959 4037 ln
979 3969 1177 4060 quotidianis
1200 3991 1268 4039 ser·

230 4086 385 4155 monibus
401 4099 493 4157 erant
508 4100 541 4158 et
564 4092 759 4162 locutiones:
