2992 4904
314 373 351 429 24
663 373 706 428 DE
723 371 857 430 notens
875 372 1010 433 nutsdt.

348 525 382 536 ·-
391 494 459 550 Ὄνου
473 494 578 564 κεφαλὴν
587 493 625 566 μὴ
637 496 730 549 πλύνειν
746 492 784 549 δεῖ
794 495 877 570 νίτρῳ.

347 625 380 634 -
395 595 443 652 Τὴν
452 596 541 665 χύτραν
552 594 677 647 ποικίλλειν
690 596 715 647 οὺ
732 592 781 648 dd.

346 720 382 733 -
391 693 435 743 Δύο
444 697 540 750 mame
549 689 642 744 διώκων
658 688 776 763 οὐδέτερον
791 688 986 762 καταλαμῧνὶννι.

313 846 444 916 Celebre
461 856 493 913 et
508 844 610 915 illud:

347 1024 431 1080 -Ne
446 1038 535 1096 supra
548 1022 652 1095 pedem
664 1023 788 1081 calceus.

345 1150 382 1162 —
395 1120 438 1177 Mi
449 1120 508 1192 ὓπδρ
520 1119 586 1173 πόδα
600 1122 626 1174 τὸ
639 1119 765 1193 ὑπόδημα.

347 1220 437 1290 (Quod
457 1236 633 1293 usurpavere
655 1219 812 1293 scriptores
832 1236 911 1278 nune
929 1220 1028 1279 addito
1042 1236 1102 1279 uno
1118 1220 1268 1286 voeabula,
1286 1223 1359 1288 tora.

312 1331 389 1372 nune
400 1316 517 1390 rejectis
526 1317 648 1382 duobus,
663 1320 689 1370 τὸ
700 1316 841 1390 ὑπόδημα.)

361 1564 443 1644 Quid
456 1565 602 1655 pluribus
628 1566 783 1656 exemplis
799 1585 880 1654 opus
896 1567 969 1652 estfl
984 1565 1089 1645 Quum
1107 1574 1260 1654 appareat
1275 1564 1363 1633 unde

317 1697 424 1755 ortum
437 1699 469 1756 ot
487 1689 579 1779 quale
598 1689 640 1757 sit
653 1687 863 1781 proverbium
874 1689 945 1778 jam
959 1687 1077 1779 quibus
1093 1687 1295 1757 ornamentis
1311 1688 1365 1755 ni·

318 1811 818 1900 teseerepossitfaoilenoveris.
901 1814 906 1819 ’

363 1935 478 2003 Tribus
491 1956 587 2025 porro
600 1936 802 2005 ornamentis
818 1934 1040 2007 commendari
1052 1936 1158 2005 solent
1170 1934 1365 2027 proreibia3

318 2060 441 2127 scilieet
454 2060 589 2130 oonsilio
609 2061 830 2153 probabiliora
846 2082 883 2128 ae
901 2059 1119 2129 vendibiliora
1134 2060 1230 2147 fiunt,
1244 2057 1366 2151 fiquris

318 2182 593 2272 significantiam,
615 2182 763 2252 numeris
777 2184 943 2252 memoriae
959 2184 1107 2274 aptiora:

364 2311 452 2376 lnter
468 2309 626 2377 maximas
643 2302 713 2398 ejus
727 2308 864 2376 virtutes
883 2327 955 2375 eam
975 2328 1045 2376 esse
1059 2307 1177 2397 opinor
1190 2306 1277 2397 quod
1290 2327 1367 2399 pro-

317 2433 431 2502 verbio
455 2433 491 2501 in
514 2432 731 2503 admonendis
756 2415 947 2501 bominibus
971 2442 1007 2501 ut
1024 2432 1143 2500 leniori
1170 2432 1368 2501 hortationis

318 2557 415 2626 modo
432 2559 565 2626 utimur.
578 2558 683 2638 Quum
696 2557 785 2625 enim
800 2557 837 2624 in
854 2556 1032 2625 tractandis
1054 2557 1174 2625 animis
1196 2576 1365 2647 nunquam

319 2703 385 2750 non
401 2682 587 2750 adhibenda
602 2683 645 2750 sit
665 2682 747 2750 ratio
768 2681 922 2754 humana
940 2683 1120 2772 patientiae,
1144 2681 1228 2749 nihil
1248 2682 1366 2750 tolera-

318 2806 416 2876 bilius
424 2827 494 2875 esse
505 2817 601 2896 atque
615 2807 779 2898 acceptius
793 2806 919 2876 videtur
928 2828 1027 2897 quam
1033 2806 1204 2897 proverbio
1218 2807 1365 2876 involuta

318 2932 437 3000 veritas
451 2941 483 2998 et
496 2932 589 3020 quasi
601 2931 754 3000 universo
770 2931 886 3022 populi·
900 2952 1001 3000 sensu
1016 2930 1236 3021 comprobata.

362 3053 485 3124 Deinde
497 3076 567 3144 quae
578 3058 691 3146 suapte
702 3058 818 3123 nature
826 3054 947 3145 frigida
959 3055 1161 3144 viderentur,
1173 3077 1211 3123 ea
1218 3055 1364 3125 ornatius

319 3178 485 3247 enuntiari
500 3178 606 3246 solent
618 3178 744 3268 figuris.
763 3180 905 3260 Quarum
916 3178 1048 3270 quidem
1061 3190 1182 3270 quanta
1197 3178 1292 3268 eopia
1307 3178 1373 3264 sit„

317 3323 416 3393 quam
433 3302 536 3371 multa
553 3313 585 3369 et
603 3301 690 3369 lauta
703 3301 943 3392 quodammodo
957 3301 1114 3391 supellex,
1129 3323 1196 3370 non
1213 3321 1364 3392 quaren-

319 3425 396 3494 dum
410 3426 550 3495 arbitror
559 3447 664 3517 neque
678 3425 924 3517 explicandum:
938 3426 1005 3495 nisi
1017 3427 1090 3518 qais
1100 3447 1270 3496 recensere
1284 3425 1364 3496 velit

318 3549 477 3640 quidquid
498 3549 539 3618 de
557 3549 672 3640 figuris
683 3547 816 3640 Tullitts,
833 3549 992 3640 quidquid
1007 3550 1127 3619 Fabius
1142 3549 1362 3632 Quintilianus

318 3674 494 3764 scripserit.
512 3676 584 3742 Una
595 3687 704 3743 tamen
720 3675 797 3742 aste
811 3646 922 3743 nrultis
937 3695 1008 3765 qua
1022 3674 1218 3743 creberrima
1230 3672 1363 3743 inveni·

318 3811 382 3886 tur,
395 3806 558 3891 ἀλληγορίαν
568 3800 670 3880 Graeoi
681 3810 890 3889 vocaverunt,
904 3797 1125 3870 inversionem
1137 3803 1174 3869 F.
1188 3799 1362 3883 Quintilia-

318 3942 401 3990 nus:
425 3921 513 3989 aliud
531 3921 622 3989 enim
636 3921 756 4004 uerbis,
777 3923 867 3992 aliud
883 3945 983 3999 sensu
999 3924 1171 3994 ostendere
1188 3946 1295 4016 genus
1315 3933 1365 3995 est
