2992 4904
579 435 623 491 DE
639 434 777 491 lunulis
790 435 924 492 translit
1250 441 1286 497 tr

234 558 409 628 dummodo
449 559 548 648 vulgo
586 558 656 626 sint
689 560 811 648 jaotata
844 561 982 650 ideoque
1006 560 1184 628 'communi
1223 583 1286 630 usu

233 684 320 753 trite.
341 685 424 753 Hine
444 694 559 752 contra
581 683 732 753 definitio
750 685 943 753 arctioribus
958 685 1083 753 inclusa
1102 685 1223 754 finibus
1236 685 1286 754 vi·

236 807 342 895 detur,
359 827 459 897 quum
472 806 554 875 seito
569 807 716 875 nouitate
733 808 901 898 insignem
922 828 993 876 esse
1013 809 1203 898 paroemiam
1227 808 1284 877 de-

233 931 332 1000 olaret
353 940 423 1001 «ut
445 931 554 1021 aliqud
574 953 634 1000 eeu
659 934 738 999 nott
755 931 964 1000 discernatur
985 953 1006 999 >a
1026 952 1176 1000 sermone
1195 954 1284 1001 eom·

136 1110 138 1114 .
233 1055 338 1125 muni.
357 1081 374 1121 a
409 1057 568 1137 Quorsum
591 1056 728 1124 attineat
753 1057 809 1125 illa
830 1057 1000 1144 eorrectio,
1026 1077 1064 1127 er
1087 1055 1139 1125 his
1160 1056 1286 1125 Erasmi

233 1179 341 1248 verbis
360 1179 474 1271 liquet.
497 1183 644 1271 «Neque
665 1181 755 1250 enim
772 1180 924 1271 protinus
943 1179 1030 1270 quod
1044 1180 1195 1271 populari
1218 1201 1286 1248 ser·

235 1321 333 1371 mone
353 1303 468 1372 tritum
498 1304 541 1372 sit
561 1311 616 1373 aut
635 1302 743 1393 figurd
761 1313 917 1372 novatum
935 1304 972 1370 in
993 1303 1082 1373 huno
1102 1303 1285 1392 catalogum

236 1426 414 1516 adJ'eoimus
428 1450 436 1493 z
452 1427 511 1496 sed
523 1427 611 1518 quod
623 1427 815 1516 antiquitate
823 1427 946 1517 pariter
956 1436 988 1494 et
1000 1425 1184 1494 eruditione
1197 1446 1287 1500 eom.-

234 1549 425 1640 mandetur,
439 1549 475 1619 id
488 1551 577 1618 enim
594 1550 713 1620 scitum
729 1549 939 1641 appellamus.
951 1573 970 1614 u
987 1616 988 1620 ,

276 1676 349 1743 Non
363 1675 467 1764 igitur
481 1674 608 1764 ambigi
622 1674 703 1743 sinit
718 1677 872 1746 Erasmus
885 1673 926 1742 de
940 1673 1006 1741 fine
1019 1695 1115 1763 quem
1131 1673 1196 1742 sihi
1208 1695 1285 1764 pro·

232 1798 343 1889 posuit
362 1810 395 1866 et
418 1798 573 1868 omnihus
592 1809 728 1869 conatus
743 1807 794 1868 est
808 1797 933 1867 viribus
952 1799 1092 1888 assequi.
1112 1798 1285 1888 Elegantia

231 1930 359 1990 tantum
377 1933 410 1990 et
431 1921 520 1990 inter
544 1921 705 1992 litteratos
723 1930 863 2004 versata,
890 1922 1008 2012 adagia
1031 1923 1187 2012 colliget,
1213 1943 1284 2013 quae

230 2059 339 2118 autem
351 2051 488 2142 populus
503 2061 649 2142 usurpat,
667 2072 705 2119 ea
721 2050 919 2142 repudiabit,
936 2059 980 2137 et,
997 2049 1026 2117 si
1038 2071 1101 2140 qua
1113 2049 1283 2118 admiserit

234 2177 281 2243 «ὲ
297 2175 374 2244 saeoe
391 2175 482 2265 vulgi
498 2185 640 2267 sumpta,
657 2202 674 2240 »
694 2175 884 2245 admonebit
899 2174 1065 2244 rusticana
1081 2173 1199 2263 adagia
1211 2195 1281 2242 esse

230 2309 286 2368 a'ut
297 2298 385 2367 inter
397 2299 531 2369 fabellas
548 2301 651 2369 aniles
674 2309 706 2368 et
728 2299 903 2371 culinarias
928 2296 1119 2388 rejicienda.
1138 2297 1279 2366 Proinde

229 2423 308 2492 satis
324 2434 450 2492 constat
460 2425 645 2513 Erasmum,
660 2423 738 2492 dum
755 2422 908 2514 colligere
922 2420 1079 2512 quidquid
1091 2421 1210 2489 celebre
1225 2422 1279 2489 in-

228 2557 279 2616 ter
292 2547 451 2616 litteratos
471 2548 515 2617 sit
528 2547 652 2617 dictum
668 2546 870 2639 aggreditur,
888 2545 969 2615 velle
985 2545 1183 2614 immensum
1197 2567 1278 2636 opus

229 2672 472 2763 angustioribus
488 2672 639 2741 terminis
656 2672 835 2741 includere.

272 2798 393 2888 Adagii
404 2794 628 2866 enimnomen
638 2798 740 2866 multa
751 2819 788 2866 aa
798 2794 1036 2888 propemodum
1044 2794 1176 2862 infinita
1187 2815 1276 2862 eom-

226 2919 389 3013 plectitur.
401 2922 572 3014 Adopitim
584 2923 707 2992 scilieet
717 2931 852 2992 vocatur
863 2920 962 3013 (quod
971 2908 1080 3011 ipsum
1088 2918 1140 2987 vel
1154 2939 1275 2987 nomen

226 3044 1276 3138 indicathuidquidabhominibusinloquendosaepissimeusur-

225 3167 1274 3263 patoretoireumagitur.Undelarrodocetquasieireumupium

225 3296 302 3386 diei,
319 3297 355 3366 id
370 3307 419 3366 est
438 3296 589 3388 populari
607 3315 758 3368 sermone
775 3296 906 3384 tritum3
924 3317 1030 3392 neque
1046 3297 1142 3362 Festo
1160 3313 1274 3361 assen-

222 3422 299 3512 tior,
310 3401 367 3513 qui
379 3421 534 3514 adagium
549 3423 650 3493 veluti
663 3421 710 3491 ud
720 3420 887 3514 opeodum
899 3430 1008 3511 aptam
1019 3418 1217 3520 sententiam
1225 3428 1275 3487 est

221 3545 465 3638 interpretatus.
484 3546 602 3637 Ecquis
628 3555 737 3616 autem
757 3544 882 3636 estqui
908 3544 1112 3632 omniaque
1132 3541 1272 3611 eircum-

110 3699 114 3709 ·
220 3681 365 3760 aguntur
373 3673 409 3740 in
421 3693 525 3743 unum
537 3692 652 3762 corpus
669 3669 850 3762 redigenda
860 3669 1042 3759 suscipiat?
1058 3666 1150 3748 Quod
1166 3687 1270 3757 neque

221 3792 263 3862 ab
278 3796 413 3865 Erasmo
430 3797 520 3884 olim,
543 3816 663 3886 neque,
679 3804 716 3864 ut
740 3793 871 3886 opinor,
892 3792 997 3885 possit
1012 3790 1110 3861 hodio
1130 3813 1149 3859 a
1173 3789 1270 3859 nohis

220 3915 356 3988 absolvi.
378 3922 418 3988 llt
434 3920 463 3988 si
484 3919 601 4011 possit,
628 3917 810 3987 cavendum
832 3917 932 3986 etiam
954 3937 997 3986 ne
1018 3914 1087 3984 haee
1105 3914 1270 3984 uberrima

221 4041 313 4132 copia
323 4043 397 4133 plus
411 4042 534 4112 fastidii
550 4043 664 4111 afferat
678 4063 775 4135 quam
791 4042 951 4113 utilitatis

1140 4155 1159 4211 Ξ
