2992 4904
576 456 621 512 DE
639 455 771 513 enatus
788 455 922 513 nnasm.
1249 461 1266 515 3

223 579 402 669 comperias
417 582 587 648 Erasmum
599 589 727 647 secutos
738 599 821 666 esse,
838 587 876 646 ut
889 577 1056 647 Schottnm
1069 579 1160 647 illum
1171 603 1268 670 quem

222 727 337 775 recens
347 709 528 776 Graecorum
539 702 772 787 παροιμιογρᾶφων
791 703 908 791 editor,
919 703 1129 794 Gaisford(l)‚
1142 707 1271 774 monuit

223 837 321 926 longe
337 835 442 924 plura,
463 854 560 923 quam
583 853 654 921 quae
669 832 739 922 ipse
753 832 915 921 agnoscit,
931 835 1065 901 Erasmo
1087 833 1217 902 debere.
1234 834 1276 920 ld¹

225 980 328 1027 unum
343 957 472 1047 addant,
488 956 576 1046 quod
598 956 785 1047 praeclaram
803 955 880 1024 libri
893 955 993 1024 fuisse
1008 957 1172 1025 fortunam
1192 959 1271 1026 satis

226 1081 445 1170 demonstrat3
462 1081 497 1148 iu
510 1080 702 1148 Tridentino
719 1079 841 1147 scilicet
860 1079 1011 1161 concilio,
1030 1102 1128 1169 quum
1147 1080 1271 1150 Chilio-

225 1204 284 1274 doa
297 1217 402 1296 neque
419 1206 629 1297 comprobare
651 1215 798 1295 possent,
812 1225 921 1293 ,neque
937 1205 1067 1272 silentio
1086 1207 1270 1296 praeterire,

226 1352 332 1421 neque
347 1340 641 1424 rursu-ssperarent
660 1330 791 1420 penitus
808 1309 931 1397 aboleri
945 1350 1053 1420 posse,
1068 1352 1138 1420 quae
1150 1333 1185 1398 in
1203 1354 1271 1401 om-

226 1453 319 1522 nium
336 1453 489 1522 manibus
504 1464 722 1542 versarentur,
739 1454 899 1544 placuisse
915 1454 1062 1544 patribus
1085 1466 1121 1522 ut
1142 1477 1226 1524 nova
1242 1467 1274 1524 at

227 1589 405 1670 expurgata
417 1578 559 1646 editione
572 1579 608 1645 in
619 1580 726 1647 lucem
737 1580 875 1646 exirent.

270 1705 363 1774 Haud
375 1705 539 1772 immerito
555 1705 687 1795 quidem
699 1707 834 1772 Erasmo
851 1704 989 1772 feliciter
1010 1705 1107 1773 cessit
1126 1706 1274 1795 proposi-

226 1841 306 1899 tum.
325 1833 447 1899 Novum
465 1831 554 1898 enim
569 1830 723 1921 quiddam
735 1851 771 1897 ac
786 1850 917 1919 prorsus
932 1829 1125 1898 inusitatum
1148 1843 1216 1897 erat
1239 1830 1275 1898 in

227 1955 346 2023 scholis
359 1952 492 2045 Adcipio
506 1953 723 2022 conscribere.
741 1956 779 2020 In
803 1974 866 2042 quo
881 1974 977 2042 opere
989 1957 1142 2022 Erasmus
1159 1955 1276 2043 genui-

228 2100 306 2146 nam
324 2078 454 2167 ingenii
476 2079 695 2146 sinceritatem
711 2086 830 2163 servat,
847 2098 945 2166 quam
969 2077 1090 2166 optime
1112 2078 1277 2146 existima-

229 2203 311 2273 verit
329 2203 358 2270 si
372 2203 444 2292 quis
458 2202 560 2271 aetatis
576 2203 663 2270 illius
678 2222 786 2270 mores
801 2201 993 2290 inspexerit.

273 2317 371 2392 Initio
388 2327 477 2393 enim
490 2325 718 2414 quintidecimi
735 2325 856 2411 saeculi,
875 2346 996 2413 magna
1009 2334 1119 2391 exorta
1132 2336 1180 2392 est
1197 2346 1276 2392 con-

230 2451 346 2538 tentio,
365 2461 435 2518 tum
457 2450 545 2518 inter
567 2448 771 2518 scholasticos
794 2449 912 2518 veteris
936 2449 1117 2538 disciplinae
1134 2459 1278 2536 tenaces,

231 2585 300 2644 tum
310 2575 397 2642 inter
410 2575 571 2642 litteratos
584 2575 639 2664 qni
650 2595 768 2643 novam
779 2574 920 2664 aliquam
929 2572 1112 2642 studiorum
1118 2573 1279 2641 rationem

232 2700 460 2768 commendare
473 2711 567 2789 atque
579 2698 741 2789 auspicari
750 2698 937 2789 cupiebant.
946 2699 1188 2787 Praecipnaerat
1195 2697 1281 2788 apud

232 2823 607 2914 septentrionispopulos
615 2821 842 2911 theologorum
861 2821 1048 2908 auctoritas,
1059 2831 1280 2911 quumcontra

231 2969 290 3038 per
301 2957 401 3014 totam
413 2948 539 3035 ltaliam
556 2946 706 3014 liberales
722 2944 933 3035 antiquorum
944 2944 1100 3012 doctrina
1116 2944 1277 3032 vigerent.

277 3070 341 3140 Sed
362 3070 424 3137 hoc
447 3071 591 3160 utrisque
614 3088 786 3138 commune
810 3077 879 3136 erat
901 3077 937 3136 ut
958 3068 1123 3157 propriam
1145 3068 1280 3157 quisque

234 3197 424 3288 opinionem
440 3196 603 3295 mordicus
616 3204 755 3283 teneret,
769 3215 874 3283 neque
892 3193 957 3261 ulla
976 3214 1032 3260 seu
1046 3197 1281 3261 Germanorum

233 3321 468 3390 monachorum
492 3320 559 3388 sive
580 3319 732 3388 Italorum
748 3317 949 3387 eruditorum
971 3338 1035 3406 pax
1060 3315 1283 3404 coagmentari

233 3455 343 3536 posset
359 3470 366 3512 :
385 3444 593 3534 nequeenim
608 3445 706 3511 ullam
722 3451 811 3509 extra
826 3442 1001 3509 Ecclesiam
1014 3439 1162 3524 salutem,
1175 3460 1281 3529 neque

235 3583 324 3640 extra
337 3573 461 3640 ltaliam
474 3569 598 3659 aliquid
613 3569 769 3639 doctrinae
783 3567 891 3657 parari
902 3588 998 3656 posse
1009 3565 1087 3632 hinc
1100 3576 1195 3653 atque
1204 3563 1282 3632 hinc

234 3699 467 3768 affirmabatur.

272 3931 307 4006 (l)
324 3931 566 4002 Poroemc'oproplti
583 3927 684 3998 Greci,
699 3942 825 4001 quorum
842 3940 910 3996 pars
921 3939 999 3980 nunc
1018 3921 1144 3995 primum
1156 3936 1192 3976 cx
1204 3920 1283 3978 codi-

235 4020 316 4077 cibus
336 4018 541 4090 manuscriptis
556 4018 705 4089 vulgatur,
727 4014 818 4072 cdidit
836 4014 947 4069 Trionis
960 4012 1101 4067 Gursronn.
1118 4040 1154 4050 -
1167 4005 1283 4066 Oronti.

123 4172 130 4188 ,
236 4111 316 4166 roae.
