2992 4904
223 439 259 496 16
575 433 618 489 ttss
638 433 770 490 totctts
788 434 924 491 uuusttt.

223 571 328 630 torum
345 559 537 645 sententias,
556 567 612 628 aut
632 579 737 649 pauca
751 558 851 627 rerba
870 558 1120 649 proverbiorum
1136 583 1273 633 numero

223 684 390 772 adscribit,
409 704 497 752 nunc
517 684 637 753 Caecilii
657 683 770 772 Plinii,
791 705 881 754 nunc
902 685 1069 754 Ciceronis
1090 686 1154 754 tria
1172 687 1271 777 dictu,

214 809 276 877 -vel
291 807 466 897 quamdam
483 807 570 898 apud
586 808 737 876 Plautum
754 807 928 877 verborum
941 809 1190 879 translationem
1202 831 1274 880 me·

223 954 356 1002 morans
369 943 402 1001 et
417 932 482 1001 sibi
497 954 556 1022 pro
570 931 656 1001 veris
672 932 990 1022 adagiisvindicans.

266 1059 314 1125 Ex
328 1057 380 1124 his
398 1054 537 1125 diversis
553 1066 585 1123 et
602 1056 739 1124 minime
755 1056 844 1130 inter
856 1077 891 1124 se
908 1057 1180 1127 convenientibus
1197 1080 1274 1150 par·

221 1185 310 1254 tibus
327 1203 426 1273 quum
439 1181 567 1250 Erasmi
577 1179 661 1249 liber
675 1191 814 1269 constet,
829 1180 918 1248 illam
929 1181 1049 1270 ubique
1059 1182 1208 1252 desidero
1223 1204 1272 1251 ra·

222 1310 348 1377 tionem
355 1328 426 1396 quae
434 1306 470 1373 in
479 1305 570 1374 omni
579 1304 662 1373 libro
675 1304 860 1377 adhibenda
872 1315 932 1374 est.
940 1307 1006 1386 Qud
1016 1306 1163 1375 adhibita
1171 1309 1272 1377 multu

223 1431 368 1522 pericula
384 1450 493 1497 arcere
509 1426 680 1517 potuisset.
696 1426 788 1506 Quod
803 1427 831 1495 si
847 1429 1047 1498 autemratio
1062 1430 1119 1497 illa
1131 1451 1203 1520 quae
1216 1430 1273 1499 de·

221 1556 298 1624 beat
315 1575 385 1624 esse
411 1551 593 1645 perquiras
617 1550 796 1642 profitebor
808 1560 909 1619 totam
932 1574 1002 1620 esse
1021 1552 1271 1637 παροιμιογραφίας,

222 1698 382 1748 summam
397 1677 432 1744 in
443 1677 510 1745 und
523 1674 716 1765 adagiorum
728 1683 761 1743 et
771 1674 1017 1766 proverbiorum
1032 1676 1235 1747 definitione.

704 2101 705 2104 ¹
737 2073 763 2140 ΙΙ

390 2366 392 2370 .
506 2327 557 2377 ne
584 2325 778 2392 bragam-
802 2324 992 2378 conarere-0.

268 2569 469 2660 Adagiorum
485 2568 713 2640 definitionem
733 2569 869 2661 protulit
880 2570 1046 2656 Erasmus,
1072 2576 1167 2658 atque
1183 2567 1274 2636 illam

224 2717 330 2786 neque
346 2696 521 2785 elegendi,
543 2717 650 2786 neque
662 2695 754 2765 omni
767 2715 900 2785 prorsus
915 2693 1047 2762 veritate
1063 2691 1270 2761 destitutam:

200 2829 203 2834 “
228 2844 246 2884 c
260 2818 430 2888 Puroemiu
459 2829 506 2886 est
537 2818 657 2887 celebre
682 2817 809 2887 dictum
836 2816 919 2886 scitu
944 2815 1106 2908 quapiam
1127 2815 1274 2883 novitate

221 2944 361 3037 iurique.
391 2971 408 3010 u
439 2945 538 3013 Miror
562 2944 715 3036 equidem
741 2947 924 3023 Erasmum,
953 2943 1009 3032 qui
1032 2941 1097 3010 iltis
1122 2940 1274 3010 terminis

223 3069 364 3159 spatium
393 3070 458 3138 sibi
481 3070 771 3161 circumscripserit
794 3091 850 3139 eos
882 3068 1060 3160 saepissime
1081 3066 1271 3154 transilire;

223 3217 328 3287 neque
357 3197 494 3266 dubium
521 3208 572 3267 est
598 3197 678 3289 quin
701 3197 774 3287 ipsa
802 3194 951 3265 definitio
974 3194 1048 3262 vitii
1070 3192 1193 3284 aliquid
1214 3191 1274 3261 ha·

223 3320 309 3408 beat,
338 3321 373 3389 in
390 3325 453 3412 qud
474 3343 541 3391 non
564 3342 733 3391 remancre
749 3320 891 3411 potuerit
906 3328 1029 3388 auctor.
1055 3317 1146 3386 Illam
1166 3315 1270 3404 enim,

222 3444 251 3512 si
271 3445 367 3535 paulo
395 3445 587 3536 diligentius
610 3442 858 3530 attenderimus,
886 3441 963 3511 licet
987 3440 1027 3510 de
1052 3459 1143 3508 more
1169 3438 1273 3508 scola·

221 3588 294 3636 rum
309 3589 368 3658 per
393 3590 497 3659 genus
519 3567 703 3659 proximum
723 3588 761 3635 ac
782 3565 1000 3635 differentiam
1012 3563 1179 3657 propriam
1194 3583 1272 3632 con·

223 3690 423 3779 manutersit,
448 3691 648 3783 reperiemus
668 3699 780 3758 tamen
801 3712 819 3758 e
839 3690 937 3759 rebus
959 3690 1078 3758 factam
1097 3708 1169 3778 quae
1183 3684 1272 3754 inter

223 3834 258 3882 se
279 3823 442 3905 pugnant.
456 3815 550 3884 Illinc
568 3814 691 3883 scilicet
706 3814 803 3882 latius
819 3823 926 3905 patet:
942 3811 1021 3905 quid
1032 3811 1192 3898 aliudest,
1209 3808 1270 3879 ob·

222 3959 326 4025 secro,
341 3938 460 4007 celebre
474 3937 613 4027 dictum,
629 3961 726 4029 quom
742 3937 893 4028 quicquid
911 3957 1025 4006 omnes
1041 3934 1155 4004 crebro
1174 3954 1269 4003 usur·

93 4078 96 4083 ’
220 4073 313 4152 pant,
327 4063 399 4131 sine
414 4064 480 4132 ullo
496 4083 605 4132 rerum
617 4061 755 4146 delectu,
769 4081 867 4151 quam
883 4059 991 4129 omnis
1014 4057 1146 4149 generis
1155 4054 1267 4144 verba,
