2992 4904
274 431 313 488 30
623 430 667 486 DE
684 425 817 486 lllihGllS
835 426 969 484 Emsm.

274 553 358 621 Sunt
372 553 428 642 qui
442 573 591 621 rumores
607 559 811 642 aucupantur
825 560 858 617 et
870 547 956 617 nihil
970 548 1096 617 nescire
1109 568 1144 616 se
1161 547 1321 639 profiten-

275 685 344 764 tur;
361 675 397 743 in
419 696 474 743 eos
496 675 584 743 viros
605 674 661 764 qui
679 674 774 742 famae
791 673 897 742 vicem
914 671 1056 742 libenter
1074 673 1276 763 supplerent,
1292 675 1322 742 si

274 801 408 869 facultas
417 798 557 886 adesset,
568 795 634 865 dici
644 798 745 867 solet:

310 1000 347 1012 -
356 968 456 1026 Sciunt
470 968 541 1041 quid
551 968 581 1024 in
594 984 694 1026 aurern
706 984 759 1026 rex
767 968 876 1042 reginae
887 965 1006 1025 dixerit.

320 1095 454 1162 Necnon
483 1113 539 1161 cos
566 1103 756 1180 cessatores‚
784 1092 872 1161 diem
899 1091 936 1159 in
963 1090 1025 1160 viis
1049 1098 1193 1159 terentes
1220 1090 1324 1182 carpit

277 1218 391 1286 ironiae
406 1219 582 1306 conjuncta
596 1215 790 1306 hyperbole.
1205 1203 1207 1208 ¹

312 1398 347 1411 -
359 1369 448 1421 Ἀπιὼν
460 1371 483 1429 ἐς
498 1367 651 1439 Ἀπατούρια,
665 1367 762 1424 ἐπανῆκ’
775 1368 798 1427 tc
808 1371 976 1439 Θαργηλιῶνι.

277 1520 348 1586 Non
363 1525 491 1584 tantum
509 1515 632 1605 ellipsis
647 1525 703 1585 a'ut
717 1515 824 1585 ironia
836 1515 872 1583 in
885 1516 983 1585 variis
998 1515 1200 1585 locutionum
1210 1512 1325 1581 formis

278 1641 486 1710 adhibentur.
497 1629 716 1733 Reperiuntur
728 1651 760 1711 et
768 1642 949 1710 litterarum
960 1640 1156 1710 mutationes
1164 1638 1325 1729 rariaeque

179 1771 181 1775 ’
278 1765 440 1854 ejusmodi
460 1765 610 1856 ineptiae,
637 1766 724 1834 inter
746 1787 827 1857 quas
847 1765 933 1834 hanc
958 1767 1117 1858 praecipu'e
1144 1760 1323 1834 notandam

279 1890 532 1959 existimaverim
549 1913 556 1956 :
971 1887 973 1890 ’

278 2057 363 2192 ’ἔξ
374 2070 436 2191 ἐξω
498 2094 653 2158 meamea,
667 2093 697 2152 id
711 2102 756 2151 est
769 2103 867 2152 mente
880 2096 988 2169 lapsus.

279 2298 443 2368 Erillum:
534 2301 536 2304 ⁴

316 2485 352 2498 -
369 2457 411 2514 Mi
425 2455 457 2509 ὣν
471 2459 550 2528 Σύρος,
563 2455 597 2527 μὴ
612 2457 697 2527 ciprii.

280 2615 344 2680 llas
372 2608 502 2701 quidem
528 2631 595 2679 non
620 2609 746 2678 fastidit
768 2609 1016 2701 Aristophanes,
1045 2632 1105 2679 nec
1125 2608 1226 2701 pudet
1251 2630 1327 2679 eum
1363 2628 1368 2637 ·

281 2735 388 2804 dicere

341 2932 371 2941 -
382 2901 476 2955 Ἔλαιον
491 2903 532 2954 οὐκ
543 2903 631 2956 lacerta
644 2904 667 2956 ἐν
677 2910 711 2976 τῷ
723 2906 824 2975 ληκύθῳ.

318 2999 417 3058 Oleum
431 3015 616 3073 nequaquam
628 3000 704 3058 inest
715 2999 746 3057 in
756 3001 891 3075 lecytho.

282 3147 377 3217 idest
392 3149 526 3217 «nullus
540 3160 589 3218 est
597 3149 749 3242 precibus
758 3149 942 3241 locnsapud
954 3149 1189 3219 inexorabilem
1199 3175 1216 3215 a
1228 3172 1328 3240 quum

283 3274 380 3349 ἔλαιον,
401 3272 511 3343 oleum
538 3285 571 3343 et
589 3273 672 3350 ἔλεος,
697 3274 923 3344 misericordia
938 3274 1079 3343 similem
1093 3274 1329 3366 propemodum

283 3419 400 3467 sonum
415 3396 569 3468 reddant.
587 3403 676 3469 Inter
696 3422 750 3469 eas
774 3401 955 3470 locutiones
974 3400 1142 3490 permultae
1165 3409 1240 3468 sunt
1258 3420 1329 3490 quae

285 3520 422 3591 diversis
447 3522 554 3592 verbis
579 3523 668 3592 idem
691 3523 928 3613 significantes
955 3523 1150 3613 congregari
1173 3520 1328 3612 debeant,

285 3663 390 3732 neque
406 3655 443 3712 ut
459 3645 495 3712 in
510 3646 636 3714 Erasmi
650 3645 776 3736 adagiis
789 3646 911 3737 passim
923 3646 1079 3737 dispergi.
1103 3645 1163 3727 Qui
1179 3644 1329 3736 disjectas

283 3767 355 3836 illas
378 3768 560 3839 locutiones
583 3771 620 3839 in
643 3792 747 3841 unum
769 3770 932 3860 cogendas
953 3770 1017 3839 sihi
1035 3770 1224 3861 susciperet,
1250 3791 1331 3860 opus

285 3887 440 3959 conderet
455 3912 552 3981 quem
565 3892 723 3973 cuvovipev
739 3891 883 3961 indicem
893 3891 981 3960 haud
992 3893 1154 3961 immerito
1164 3894 1332 3984 appellan-

286 4011 363 4082 dum
388 4035 567 4084 censerem.
595 4018 710 4086 itidem
740 4018 768 4086 si
787 4039 846 4108 pro
868 4017 1026 4107 multum,
1047 4018 1099 4087 vel
1113 4042 1253 4110 parum,
1271 4043 1331 4111 pro
