2992 4904
579 466 623 524 DE
641 462 775 521 danaus
793 463 928 521 nassas.
1230 467 1266 525 ⁴7

272 623 309 633 -
323 585 448 649 Ἡσιόδου
466 592 559 670 γῆρας,
584 598 640 657 aut
670 582 816 654 Titboais
848 598 1009 668 senectus,
1036 588 1194 658 Nestorea
1218 609 1268 656 se·

223 723 328 800 aecta,
348 711 472 781 Tiresia
485 710 641 799 oioaa'or,
658 709 818 799 longaevis
829 684 1122 780 viris'alludehant.

267 872 309 886 -
317 835 480 919 Ἀρχιλόχου
489 835 594 922 πάτρις,
608 833 648 903 de
661 833 815 925 gentibus
828 834 870 904 ad
883 836 1113 927 procaeitatem
1127 837 1267 908 nimium

222 960 405 1051 propensis,
419 958 477 1029 sed
487 959 667 1050 prasertim
679 958 719 1028 de
731 959 844 1028 sieilia
858 960 1065 1051 vulgabatur.

267 1117 307 1131 -
320 1082 434 1165 Κινύρου
446 1084 567 1159 πλοῦτος,
579 1081 630 1150 vel
647 1080 746 1163 Ἀγαθὰ
758 1082 889 1160 Κιλίκων,
903 1082 1033 1153 divitias
1053 1084 1136 1153 male
1155 1094 1263 1176 partas

224 1208 415 1299 arguebant,
442 1211 575 1296 Contra,
596 1206 780 1291 Λυσιστράτου
791 1210 904 1271 πλοῦτον
914 1211 1037 1279 πλουτεῖς
1049 1232 1107 1300 per
1122 1211 1262 1280 ironiam

222 1354 282 1424 pro
307 1342 495 1423 paupertate
523 1330 753 1400 adhibebatur.
782 1329 870 1414 Ὕπερ
883 1327 919 1390 τὰ
931 1332 1143 1417 Καλλικράτους,
1170 1333 1262 1404 altra

222 1478 273 1526 res
287 1454 480 1536 Callicratis,
506 1476 644 1546 magnas
664 1453 795 1524 divitias
812 1453 1018 1545 designabat.

266 1580 461 1643 -Σινωπίσαι
482 1578 547 1649 dioi
573 1580 697 1649 solebat
716 1580 755 1649 de
781 1580 822 1648 iis
851 1581 907 1671 qui
926 1581 1066 1650 lasciviae
1088 1582 1140 1652 vel
1166 1582 1265 1652 etiam

221 1704 326 1773 amori
344 1702 571 1793 indulgebant.
600 1702 733 1772 Acesias
757 1702 938 1772 medicatas
964 1715 1011 1773 est
1035 1714 1090 1775 aut
1110 1705 1266 1796 praviora

222 1825 376 1894 Sambioo
392 1826 524 1918 patitur
547 1825 695 1914 aiebant,
714 1826 841 1918 quoties
862 1826 984 1917 aliquid
1000 1827 1036 1895 in
1057 1829 1151 1918 pejus
1171 1828 1266 1899 incli-

222 1974 301 2021 nare
327 1951 502 2021 videretur.
527 1951 654 2021 Tantali
688 1973 809 2021 nomen
836 1952 953 2043 sapius
985 1953 1120 2023 citatum
1140 1956 1265 2045 reperi-

221 2099 294 2148 mus
323 2102 332 2146 :
359 2099 448 2146 nuno
468 2076 631 2138 Τανταλείαι
646 2077 777 2160 apodas,
806 2098 894 2147 nuno
914 2077 1046 2147 Tantali
1068 2078 1204 2163 talenta,
1233 2093 1266 2150 at

220 2203 399 2296 prasertim
418 2203 549 2271 Tantali
564 2203 653 2273 torti
676 2203 763 2294 quod
790 2204 957 2273 inaccessa
977 2205 1068 2274 bona
1084 2206 1262 2297 signifieat,

224 2338 407 2398 occurrunt.

265 2452 427 2533 -lldpeloo
441 2451 597 2534 βουστασία,
610 2453 1187 2544 Augiaesldbula,prosol⁰dld01000.
1251 2496 1253 2501 ⁴

266 2703 467 2784 -Σιμωνίδου
480 2703 557 2784 μέλη,
566 2714 625 2784 pro
639 2693 756 2784 emptis
769 2691 1165 2784 carminibus-‘Eppuleiae
1176 2704 1263 2788 χάρις,

222 2845 281 2918 pro
304 2831 414 2891 aoaolo
437 2819 598 2889 beneficio
620 2817 727 2886 dicere
751 2818 884 2886 solitum
904 2828 984 2886 erat.

266 3075 395 3145 Nullum
418 3081 466 3141 est
480 3072 546 3140 lara
563 3071 752 3162 praclarum
770 3069 807 3136 in
832 3069 948 3161 priscis
978 3070 1177 3161 temporibus
1199 3093 1262 3142 no·

222 3223 311 3289 men,
329 3198 415 3291 quod
430 3218 498 3266 non
516 3194 688 3288 proverbio
703 3194 790 3263 velut
810 3194 1007 3284 impressum
1019 3205 1051 3264 et
1064 3197 1262 3288 quotidianis

224 3324 428 3400 sermonibus
444 3321 666 3391 oiroumlatum
684 3318 794 3388 fuerit.
812 3321 860 3389 Ea
872 3328 920 3388 est
935 3318 1028 3411 quasi
1043 3342 1118 3411 pars
1129 3321 1263 3391 immor·
1329 3341 1332 3345 ·

223 3453 355 3526 talitatis
374 3471 471 3541 quam
491 3449 625 3540 quisque
640 3468 699 3539 pro
718 3445 857 3534 maritis,
878 3467 937 3515 seu
958 3445 1093 3538 bonam,
1116 3470 1174 3519 seu
1192 3472 1263 3521 ma-

224 3584 288 3651 lam
308 3577 528 3668 consequitur.

269 3941 315 4007 Ex
326 3937 367 4005 iis
379 3958 448 4027 quea
461 3935 547 4004 diota
564 3946 641 4004 sunt
655 3932 864 4025 perspicuum
880 3939 929 3999 est
943 3949 1040 4020 quem
1058 3926 1199 3996 fructum
1213 3925 1265 3995 vel

225 4059 266 4128 ad
276 4059 467 4145 litterarum,
476 4058 527 4126 vel
537 4056 578 4125 ad
589 4054 731 4125 historiae
749 4050 965 4137 studiumve]
978 4046 1019 4116 ad
1030 4069 1137 4116 mores
1148 4045 1264 4137 adagio
