2992 4904
561 441 908 504 onanacnsnarsnr.
1207 405 1258 500 'ra

261 573 353 645 Haud
366 572 476 641 minus
487 568 624 640 celebris
635 586 732 658 mam
746 564 968 656 Sybaritarum
978 575 1047 632 erat
1058 563 1260 654 Syracusana

218 719 332 769 mensa
344 723 352 766 ε

253 873 442 946 -Συρεικευεὶει
455 872 570 945 τράπεζα.

219 1024 319 1094 Siculi
334 1026 436 1115 enim,
457 1022 828 1113 secundumssb'rasmum
844 1021 888 1113 (l)
912 1031 970 1091 «ut
986 1030 1079 1090 erant
1094 1021 1172 1090 olim
1187 1019 1259 1111 opi-

219 1149 281 1219 bus
289 1149 526 1238 florentissimi,
539 1149 585 1217 ita
594 1148 814 1239 voluptatibus
826 1169 863 1216 ac
875 1147 1000 1215 deliciis
1011 1145 1258 1215 addictissimi.»

220 1275 325 1357 Quum
346 1276 494 1358 Luciani,
513 1285 582 1345 tum
596 1273 746 1343 Athenai
769 1296 806 1342 ac
827 1275 1003 1343 multorum
1017 1272 1155 1340 aliorum
1169 1268 1264 1339 testi-

221 1400 344 1489 monia,
361 1421 432 1491 qua
446 1400 568 1468 lautam
584 1409 616 1469 et
638 1399 805 1490 opiparam
825 1399 1102 1490 Syracusanorum
1116 1417 1264 1465 mensam

222 1522 397 1603 celebrant,
415 1533 527 1593 noster
548 1522 659 1592 laudat
677 1523 874 1611 Desiderius‚
896 1543 1001 1614 neque
1018 1521 1155 1591 mrrltum
1173 1518 1266 1589 abest

221 1645 300 1736 quin
313 1646 438 1715 Siculos
450 1667 523 1717 cum
535 1647 693 1738 Sybaritis
709 1646 844 1716 omnino
858 1656 1012 1737 exaequet.
1026 1649 1135 1736 Neque
1149 1642 1265 1735 volup·

221 1780 324 1842 tatum
336 1774 446 1860 modo,
459 1773 625 1844 sedetiam
637 1773 824 1843 divitiarum
837 1772 959 1841 famam
970 1782 1063 1842 erant
1075 1767 1263 1840 consecuti:

257 1940 363 1994 -Οὔτε
378 1941 419 1998 τὴν
429 1938 531 1998 δεκάτην
543 1947 591 1994 τῶν
603 1918 751 2014 Συρακεσὶωε
761 1943 819 2010 ἔχει.

223 2073 325 2154 Quam
346 2085 454 2145 tamen
479 2076 679 2168 opulentiam
694 2077 798 2144 nimid
820 2076 988 2146 feracitate
1010 2084 1042 2144 at
1061 2071 1197 2142 avaritia
1210 2091 1269 2161 pa-

223 2208 326 2267 ratam
343 2220 413 2268 esse
429 2208 564 2269 testatur
576 2199 729 2290 adagium
743 2199 844 2269 illud:
878 2257 882 2263 .

259 2368 386 2428 -Συιελὸς
400 2344 563 2440 applauderet,

226 2527 262 2598 id
277 2539 338 2617 est,
352 2551 448 2600 uram
460 2531 546 2623 rapit
558 2530 777 2600 immaturam.

269 2654 451 2724 Imbecillos
467 2665 563 2746 atque
580 2657 723 2725 inermes
738 2655 876 2749 populos
892 2659 1002 2726 Graeca
1015 2651 1203 2743 malignitas
1218 2672 1272 2720 as-

226 2775 318 2846 sidub
340 2776 573 2847 insectabatur.
602 2786 702 2850 Μύσων
717 2787 828 2871 ἔσχατος
853 2799 913 2868 pro
937 2777 1131 2869 gravissima
1150 2773 1274 2865 injurii

227 2901 418 2991 habebatur,
434 2924 509 2971 cum
519 2904 603 2995 Mysi
614 2905 815 2995 contemptui
827 2913 938 2973 essent
947 2931 957 2993 ;
973 2903 1060 2995 quod
1072 2905 1108 2970 in
1119 2901 1272 2970 Latinum
1331 2874 1341 2983 Γ

227 3048 411 3097 sermonem
426 3031 616 3100 translatum
627 3029 713 3122 apud
720 3030 861 3100 Tullium
870 3029 1062 3120 reperimus.
1082 3028 1156 3094 «Ne
1172 3021 1274 3094 Greci

228 3151 371 3242 quidam,
382 3163 415 3221 at
428 3153 511 3244 Mysi
523 3163 578 3223 aut
586 3154 721 3246 Phrygii
734 3154 842 3246 potius
858 3153 998 3245 querelis
1006 3151 1130 3221 moveri
1143 3160 1272 3240 putas.»

201 3351 208 3367 ,
230 3281 329 3346 Μύσων
351 3283 421 3363 λεία,
448 3297 508 3368 pro
530 3298 658 3348 summo
685 3287 875 3369 contemptu
908 3275 995 3369 apud
1029 3279 1157 3345 Graecos
1188 3274 1276 3345 vala·

267 3511 303 3587 (l)
318 3515 451 3571 «Verum
463 3513 508 3570 bis
521 3514 701 3588 temporibus
719 3514 806 3574 Siculi
827 3514 1024 3588 frugalitatem
1042 3511 1224 3586 Hispanicum
1245 3520 1278 3572 et

232 3601 359 3659 Italicam
380 3602 421 3660 sic
439 3601 605 3675 imitantur,
626 3612 660 3662 ut
680 3607 891 3679 propemodum
914 3612 1066 3677 superant,
1089 3613 1177 3676 atque
1188 3603 1276 3678 hujus

233 3693 378 3766 proverbii
388 3692 508 3767 gloriam
522 3692 607 3766 plane
619 3693 819 3767 perdiderunt.
831 3695 977 3751 incertum
988 3693 1060 3750 mihi
1074 3702 1118 3752 est
1130 3695 1206 3752 unde
1222 3709 1277 3751 na·

233 3789 297 3841 tum
313 3781 353 3839 sit
369 3783 424 3841 boc
435 3782 666 3856 vulgatissimum
685 3785 762 3856 apud
780 3785 872 3841 Gallos
886 3783 1071 3856 proverbium
1086 3800 1095 3840 z
1108 3783 1218 3840 scilicet
1231 3791 1278 3856 ut,

234 3888 325 3944 quum
335 3872 671 3931 hominemuebementer
679 3873 743 3931 cibo
755 3873 914 3931 distentum
923 3871 1013 3931 velint
1022 3871 1156 3946 intelligi,
1165 3872 1277 3930 dicant:

235 3957 304 4015 Tam
315 3964 395 4016 retur
414 3965 454 4018 eat
467 3977 551 4033 quom
561 3960 680 4036 Anyto.
693 3962 797 4021 Confer
809 3969 840 4019 et
851 3961 922 4021 illud
935 3981 943 4021 ε
960 3962 1063 4020 Ebrius
1076 3963 1152 4019 baud
1161 3977 1237 4018 εεειεε
1247 3976 1281 4018 ce

233 4047 259 4104 εε·
268 4046 406 4107 Poloniua
418 4059 495 4109 essct.
509 4069 525 4106 ε
