2992 4904
571 429 614 484 llll
632 425 768 491 nbAGtts
786 427 920 483 bnassu.
1252 435 1269 489 9

225 549 1234 641 atticamelegantiamredoleat.Expeditoingeniojocaturetl
1254 591 1269 606 ·

225 674 320 743 cilem
343 675 491 765 linguam
514 687 647 746 tractat:
675 677 794 767 quippe
818 697 889 766 quae
913 687 946 744 et
970 677 1109 746 latinum
1138 679 1269 747 dicendi

225 820 330 888 genus
348 810 381 867 et
393 821 532 888 graecam
551 800 784 870 vocabulorum
803 799 1075 890 compositionem
1095 801 1265 884 admittat,

225 944 285 990 nee
299 944 367 991 non
384 945 475 992 sacra
492 925 638 1014 profanis
654 926 790 993 intexat.
814 927 860 992 Ea
880 923 1012 994 demum
1032 930 1269 1014 sententiarum

225 1058 258 1115 et
269 1047 426 1115 orationis
436 1047 581 1136 libertas,
595 1050 687 1137 cujus
699 1050 856 1118 suavitate
871 1049 1017 1139 capimur
1027 1061 1059 1118 et
1071 1051 1267 1140 detinemur,

225 1176 263 1240 eb
275 1171 406 1242 adducit
415 1177 584 1241 Erasmum
602 1183 638 1242 ut
653 1195 822 1263 nunquam
836 1185 944 1243 servet
960 1175 1069 1265 operis
1084 1177 1225 1245 colorem
1238 1186 1271 1245 et

225 1315 313 1362 nunc
324 1315 436 1363 vocem
449 1295 549 1375 tollat,
561 1317 648 1364 nunc
662 1297 817 1384 remittat,
832 1317 893 1364 nec
905 1318 1033 1387 semper
1045 1298 1109 1366 sibi
1121 1311 1269 1368 constare

223 1414 381 1484 rideatur.
399 1418 501 1485 Nemo
518 1417 623 1506 magis
638 1417 856 1506 luitunquam
879 1418 943 1487 sibi
968 1417 1149 1486 dissimilis.
1176 1421 1268 1487 Nunc
1368 1405 1370 1410 ⁸

223 1539 487 1629 ludimagistrum
510 1561 580 1608 esse
605 1539 731 1626 credas,
757 1561 875 1630 pueros
895 1540 1059 1608 elementa
1082 1540 1266 1626 docentem,
1361 1536 1364 1544 '

224 1663 363 1753 tritaque
375 1675 406 1732 et
418 1663 501 1731 nulli
511 1685 580 1731 non
593 1664 726 1753 cagnita
738 1672 974 1730 memorantem
984 1663 1039 1754 (l).
1056 1667 1270 1733 Nunccontra
1287 1669 1291 1681 '

223 1785 259 1851 in
282 1787 420 1852 nimiam
440 1787 609 1854 licentiam
631 1787 767 1856 solvitur
785 1795 818 1854 et
838 1789 939 1854 multa
957 1787 1070 1854 scribit
1092 1781 1143 1854 rel
1162 1785 1270 1874 potius

225 1907 375 1997 effundit,
399 1930 469 1999 quae
485 1910 633 1980 docentis
654 1932 830 2002 personam
845 1909 988 2001 ipsiusve
1005 1911 1054 1978 rei
1075 1910 1271 2000 dignitatem

223 2034 360 2103 minime
375 2035 504 2104 decent.
523 2037 692 2105 Interdum
714 2036 816 2105 risum
836 2049 944 2127 captat
959 2048 991 2104 et
1006 2037 1143 2105 mimum
1163 2036 1271 2126 potius

223 2159 457 2253 satirarumque
471 2163 663 2253 scriptorem
673 2183 771 2252 quam
782 2181 916 2251 gravem
932 2162 1127 2252 magistrum
1143 2161 1223 2250 agit.

267 2286 359 2375 lnde,
375 2300 410 2356 ut
420 2289 456 2355 in
470 2288 526 2355 tali
543 2309 578 2355 re
601 2287 730 2375 assolet,
750 2285 842 2355 dulce
860 2287 933 2353 utili
950 2287 1076 2357 nocuit.
1096 2285 1272 2353 1111111115-

223 2431 314 2478 mum
329 2423 508 2503 arguerunt
520 2412 702 2481 doctrinam
717 2414 802 2504 jocis
824 2422 856 2481 et
875 2413 1002 2482 facetiis
1018 2410 1245 2502 posthabuisse
1260 2436 1270 2498 ;

224 2535 292 2624 alii,
313 2558 395 2626 quos
412 2537 556 2606 dicteriis
577 2537 769 2625 incesserat,
794 2535 1131 2627 adagior'umlaudem
1159 2533 1272 2605 immi·

224 2664 371 2730 nuerun't
402 2671 433 2730 et
467 2662 687 2732 acerbissimis
719 2662 876 2731 conviciis
921 2681 1003 2750 opus
1044 2651 1272 2748 auctoremque

223 2783 375 2854 insectati
386 2796 474 2854 sunt.
490 2786 554 2854 Sed
563 2787 598 2856 in
610 2787 727 2877 primis
741 2787 871 2856 insenso
888 2785 999 2852 animo
1014 2803 1050 2850 ac
1066 2803 1167 2873 prope
1180 2783 1273 2848 inex-

223 2909 338 2998 piabili
352 2911 387 2978 in
402 2915 571 2980 Erasmum
582 2914 731 2983 invectus
745 2923 795 2981 eat
808 2912 973 2980 Antonius
987 2912 1144 2997 Muretus,
1161 2907 1272 2976 erndi·

222 3044 275 3103 tus
284 3033 724 3126 quidamviretantiquitatis
734 3036 994 3116 studiosissimus
1002 3045 1098 3124 atque
1109 3031 1272 3103 sermonis

222 3158 319 3226 latini
329 3158 411 3227 adeo
419 3159 627 3252 incorruptus
636 3171 744 3233 eustos
755 3161 1074 3233 utilliCiceroniano
1086 3179 1272 3249 cognomen

223 3281 368 3351 inditum
387 3282 498 3370 suerit,
513 3284 572 3352 sed
583 3284 717 3374 superbi
731 3285 836 3356 animi
849 3298 882 3353 et
896 3283 1065 3355 invidiosi.
1091 3283 1165 3370 Qui,
1181 3284 1217 3349 in
1232 3304 1272 3351 eo

229 3405 407 3477 Venarum
419 3406 614 3477 Lectionum
626 3409 798 3498 libro„ubi
809 3430 843 3480 se
851 3410 986 3500 iactavit
998 3409 1099 3477 multa
1115 3406 1272 3496 loquendi

223 3551 345 3626 genera
354 3532 453 3622 ‘vttlgo
465 3531 641 3601 haudsatis
653 3533 787 3622 cognita
800 3531 920 3600 referre
932 3542 965 3599 et
980 3530 1092 3598 eximii
1113 3532 1273 3622 cujusque

150 3749 152 3754 ι
223 3654 390 3746 scriptoris
411 3655 607 3749 industriam
628 3660 720 3748 aqua
742 3657 866 3725 trutina
886 3655 1084 3747 ponderare,
1106 3674 1202 3724 ausus
1223 3664 1272 3725 est

222 3779 348 3855 ibidem
370 3782 517 3872 profiteri
536 3782 617 3851 illud
637 3784 764 3852 Erasmi
787 3782 893 3851 nonni
911 3803 992 3873 opus
1013 3781 1094 3850 adeo
1116 3778 1270 3848 omnibus

235 3965 237 3970 ’
260 3922 329 4050 (tic
351 3977 400 4032 Est
414 3977 494 4049 ilias,
513 3977 627 4050 inquit,
647 3978 743 4035 nobile
765 3993 839 4050 opus
861 3976 977 4036 Homeri
991 3992 1051 4050 quo
1065 3975 1158 4048 Trojae
1172 3966 1268 4047 captae

224 4063 376 4123 historiam
387 4064 468 4122 libris
479 4066 718 4140 vigintiquatuor
731 4067 866 4140 explicat.
881 4086 896 4122 1
917 4094 918 4098 =
