2992 4904
570 424 615 480 ΒΕ
634 422 766 480 ADAGHS
784 421 919 480 unusut.
1232 424 1267 481 te

221 548 400 640 propositio
418 546 614 636 generaliter
632 555 773 636 sumpta,
791 567 888 636 quam
905 569 974 616 non
992 549 1097 616 solum
1117 548 1152 615 in
1175 547 1268 617 libris

223 673 389 763 scriptam,
405 670 463 739 sed
478 671 515 738 in
528 692 583 739 ore
596 670 744 739 omnium
755 681 917 739 versatam
932 672 1087 762 reperias.

267 800 441 886 Postquam
456 816 533 864 vero
561 787 678 885 quihus
693 794 799 885 signis
819 794 1046 864 discernantur
1066 807 1120 864 aut
1135 818 1269 887 prover-

223 921 316 990 bium
336 930 391 990 aut
405 917 753 1010 proverbialis‘looutio
774 928 830 986 aut
844 919 984 1008 denique
997 921 1162 1009 sententia
1176 931 1270 988 nota·

224 1043 342 1132 vimus,
357 1043 446 1112 haud
461 1043 605 1111 alienum
626 1041 683 1110 ahs
708 1063 743 1109 re
764 1042 892 1110 videtur
913 1042 1084 1111 ostendere
1108 1028 1269 1133 quomodo

226 1177 282 1237 aut
291 1167 441 1258 usurpari
453 1168 515 1235 tria
526 1167 580 1233 illa
592 1165 783 1256 adagiorum
792 1187 926 1256 genera,
941 1176 996 1235 aut
1007 1168 1117 1236 ornari
1131 1167 1267 1237 soleant.

227 1293 291 1362 Sed
313 1294 456 1384 primum
478 1313 541 1382 quo
565 1270 688 1361 illustre
714 1293 820 1382 magis
838 1293 1007 1383 magisque
1035 1294 1068 1360 in
1094 1304 1205 1383 aperto
1230 1295 1272 1362 sit

226 1429 386 1509 quatenus
409 1417 524 1486 eadem
547 1418 635 1484 inter
655 1438 689 1485 se
713 1417 876 1506 differant,
893 1439 996 1508 pauca
1014 1417 1110 1486 liceat
1129 1419 1273 1508 proferre

203 1593 208 1604 .
228 1544 383 1633 exempla.

273 1635 560 1757 Fingamusigitur
568 1665 629 1734 hoc
640 1664 736 1734 nobis
747 1686 817 1734 esse
826 1677 1011 1755 παροιμιακῶς
1021 1668 1272 1756 enuntiandum,

228 1792 257 1859 si
269 1791 341 1881 quis
351 1793 387 1858 in
400 1790 542 1880 qualibet
552 1791 650 1878 operi
660 1789 810 1857 navanda
818 1789 938 1857 frustra
949 1800 1084 1859 conatur
1097 1801 1130 1860 et
1140 1792 1273 1860 inanem

228 1925 334 1986 sumat
346 1937 489 2006 operam.
505 1916 607 1996 Quam
621 1914 791 1983 notionem
802 1914 890 1982 mille
901 1914 1007 1984 modis
1022 1938 1207 2007 expressam
1221 1938 1275 1985 re-

227 2041 403 2131 periemus.
430 2043 466 2107 ln
491 2041 581 2106 tanta
598 2060 676 2107 vero
695 2038 905 2106 multitudine
922 2039 1000 2128 quid
1016 2039 1056 2108 ad
1079 2041 1275 2130 locutiones,

229 2165 308 2255 quid
332 2163 373 2232 ad
404 2163 607 2250 sententias,
636 2161 715 2252 quid
742 2161 882 2251 denique
903 2161 945 2230 ad
962 2163 1135 2255 proverbia
1162 2165 1277 2234 referri
1310 2217 1313 2222 -

230 2290 359 2378 debeat,
382 2288 560 2378 dijudicare
590 2298 623 2356 et
643 2287 845 2375 discernere,
876 2285 991 2356 nostri
1012 2289 1074 2355 erit
1105 2290 1211 2380 operis
1241 2311 1278 2358 ac

203 2409 208 2423 '
230 2414 341 2485 studii.

276 2541 323 2608 Ac
349 2540 491 2630 primum
519 2536 698 2606 locutiones
725 2535 869 2605 diversas
898 2558 1136 2606 recenseamus.
1166 2537 1278 2606 Dicere

233 2665 382 2734 solebant
396 2674 521 2732 veteres
536 2690 544 2730 ι

269 2885 304 2895 -
318 2853 416 2925 Ἀμμιν,
439 2854 535 2924 κύματα
546 2852 646 2921 perpete,
660 2864 777 2905 arenam
790 2847 916 2919 metiris,
927 2848 1019 2906 undas
1033 2863 1181 2906 numeras.

269 2983 304 2993 -
316 2952 355 3010 Εἰς
367 2950 473 3020 ψάμμον,
485 2923 516 3008 εἷς
525 2945 588 3018 ὕδωρ
605 2946 715 3018 σπείρεις.
730 2947 762 3002 ln
776 2960 905 3016 arenam,
919 2945 949 3001 in
963 2945 1055 3002 undas
1067 2943 1149 3001 seris.

242 3170 244 3174 -
279 3126 406 3197 Cadunt
417 3125 486 3192 haee
504 3123 620 3213 adagio
637 3124 672 3190 in
688 3144 743 3192 eos
759 3124 815 3214 qui
826 3124 992 3193 ineassum
1007 3124 1196 3195 annitentes
1210 3143 1281 3191 rna-

233 3253 340 3342 jorem
353 3249 478 3320 viribus
494 3249 562 3318 suis
576 3248 722 3316 laborem
737 3259 960 3339 susceperunt.
977 3251 1112 3318 Necnon
1129 3260 1161 3317 et
1180 3274 1187 3315 :
1364 3228 1367 3236 ¹

272 3461 308 3474 -
320 3430 428 3504 Αἰγιαλὸν
440 3429 521 3501 ἀροῦν,
534 3443 617 3486 arare
630 3427 724 3486 littus.

240 3597 393 3665 Conseras
409 3616 535 3686 quoque
551 3594 674 3664 dictum
689 3595 862 3686 Evangelii
881 3620 889 3662 ε

277 3783 292 3818 a
306 3765 388 3831 Quod
399 3764 431 3821 in
442 3770 541 3836 petras
552 3760 687 3828 inciderit
701 3781 717 3818 o
739 3741 742 3748 ¹

242 3924 573 3996 scilicetheneficium
589 3925 741 3994 collatum
755 3923 793 3993 in
806 3922 955 4015 ingratos
970 3922 1122 3992 homines
1140 3936 1287 4010 operam-

244 4072 305 4142 que
319 4050 492 4142 perditam,
509 4048 692 4140 multosque
713 4059 869 4141 praeterea
883 4057 1053 4139 poetarum
1067 4066 1179 4115 versus
1199 4043 1288 4112 locu-
