2992 4904
566 501 609 556 DE
627 500 761 556 nundus
780 497 914 554 nunsm.
1229 497 1264 554 37

222 623 444 691 Diversissima
471 644 507 691 ao
533 646 634 715 prope
661 624 823 692 contraria
853 622 893 691 de
922 625 1029 714 patria
1065 621 1265 690 circumferri

223 747 340 814 solent.

258 935 291 946 -
301 912 358 967 Βοῦς
369 907 486 979 ἀλλότριος
497 907 528 960 τὰ
537 908 614 961 πολλὰ
628 907 672 969 ἔξω
684 908 776 973 βλέπει.

222 1069 262 1133 Et
277 1066 356 1134 alias

258 1263 293 1273 -
302 1233 348 1286 Ἢν
363 1235 445 1304 ἓλαχις
456 1234 568 1307 Σπάρταν
579 1238 672 1307 κοσμεῖ.

224 1377 387 1465 Optimum
406 1379 537 1468 quidem
557 1392 589 1449 et
606 1379 647 1448 ab
668 1383 802 1449 Erasmo
820 1378 1031 1467 celebratum,
1052 1377 1110 1447 sed
1130 1398 1263 1468 prorsus

223 1500 298 1568 huic
313 1504 484 1570 sententiae
499 1504 657 1572 dissimile
672 1528 681 1570 ι

258 1691 294 1702 ·-
304 1667 377 1717 Πᾶσα
391 1668 422 1736 γῆ
432 1663 527 1735 πατρίς,

224 1821 279 1877 aut
290 1811 338 1878 illi
351 1836 359 1878 ε
458 1837 467 1851 ·

257 1999 294 2014 -
305 1970 357 2026 Ubi
366 1971 451 2042 hene,
464 1970 504 2028 ibi
514 1972 621 2045 patria.

223 2112 313 2193 Quod
334 2115 398 2183 sibi
415 2119 567 2185 Erasmus
582 2118 629 2184 ita
640 2116 820 2206 usurpavit,
831 2124 868 2184 nt
882 2115 939 2184 diu
947 2116 1081 2185 Basileon
1096 2124 1151 2182 aut
1162 2117 1268 2185 Vene-

222 2237 290 2323 tiis,
307 2237 343 2303 in
357 2239 491 2306 Batavis
506 2251 615 2328 natm,
631 2239 836 2307 remanserit.

267 2365 445 2433 Occurrunt
467 2367 566 2433 etiam
586 2367 703 2456 adagio
721 2386 791 2456 quae
806 2367 878 2455 ipsa
904 2365 968 2434 sibi
986 2366 1102 2456 panim
1121 2374 1269 2433 constare

221 2486 384 2556 videntur.
399 2492 640 2579 Nonnunquam
653 2491 744 2558 enim
756 2489 874 2558 accidit
885 2500 922 2557 ut
935 2510 988 2557 res
1000 2500 1032 2557 et
1043 2489 1142 2557 verba
1153 2509 1268 2578 parum

223 2624 417 2699 consonent,
432 2625 468 2681 ut
485 2614 612 2704 vulgari
627 2614 782 2683 vocabulo
798 2614 917 2682 eximia
931 2614 1095 2682 sententia
1107 2613 1270 2680 dehones-

222 2744 319 2817 tetur,
333 2736 384 2804 vel
397 2758 494 2826 prave
510 2737 650 2827 cogitata
662 2737 825 2828 praeclaris
841 2737 947 2806 verbis
960 2738 1149 2805 iiiustretur.
1177 2738 1269 2804 Nunc

223 2861 311 2930 dicas
331 2863 506 2952 magnificia
526 2873 616 2932 veste
636 2864 754 2932 vitium
775 2863 844 2954 tegi
864 2873 897 2931 et
918 2863 1005 2932 velut
1024 2862 1161 2950 involvi,
1179 2882 1268 2930 nunc

223 2999 335 3058 contra
350 2991 410 3058 sub
422 2992 518 3080 poilio
531 2988 661 3059 sordido
678 2988 832 3058 incedere
847 2989 1055 3080 sapientiam.

265 3240 357 3306 Nunc
381 3239 536 3327 quoniam
558 3238 675 3328 adagio
701 3237 904 3308 ostendimus
930 3237 1108 3328 plurimum
1135 3236 1267 3326 quidem

221 3360 338 3429 litteris
357 3361 471 3429 afferre
496 3362 657 3450 utilitatis,
680 3361 856 3430 minimum
879 3384 956 3430 vero
979 3362 1020 3429 ad
1043 3360 1265 3429 emendandos

222 3505 328 3552 mores
342 3486 462 3570 valere,
476 3484 643 3552 videamus
659 3485 737 3575 quid
752 3485 897 3554 historia
912 3486 1093 3554 conserant.

265 3608 312 3676 Ac
330 3609 473 3698 primum
487 3609 695 3698 perspicuum
711 3625 760 3678 est
776 3608 866 3678 haud
877 3630 956 3678 sane
971 3608 1102 3676 inutilia
1113 3629 1183 3677 esse
1198 3606 1267 3676 haec
1338 3662 1341 3667 .

223 3732 339 3821 adagio
354 3754 424 3822 quae
446 3732 594 3801 indicent
613 3754 649 3801 ao
667 3733 756 3802 velut
772 3742 932 3803 testentur
952 3732 1031 3822 quid
1045 3732 1081 3800 in
1096 3732 1194 3800 variis
1211 3752 1269 3800 seu

220 3853 313 3941 Iccio,
330 3854 397 3923 sive
414 3854 615 3944 temporibus
629 3855 742 3944 populi
753 3853 919 3923 senserint
933 3864 965 3922 et
981 3853 1136 3953 dixerint,
1153 3853 1210 3921 alii
1225 3852 1266 3921 ah

223 3978 295 4046 aliis
303 3977 691 4068 discrepantes.Fortasse
701 3978 1123 4068 etinterdumeproverbiis
1133 3977 1267 4046 insitam

223 4106 339 4196 cuique
354 4103 499 4173 indolem
514 4115 569 4173 aut
584 4105 731 4174 divinare
745 4114 800 4174 aut
806 4106 989 4195 perspicere
996 4105 1119 4173 licebit.
