2992 4904
569 442 613 498 DE
631 441 763 499 uoletis
781 439 915 496 Eulstlt.
1230 435 1267 494 23

266 564 388 646 Quibus
398 586 437 632 ex
446 564 598 633 omnihus
610 562 720 633 videre
729 571 777 631 est
788 583 886 654 quam
896 561 1057 630 immensa
1065 560 1268 631 locutionum

222 689 377 758 varietate
393 709 478 759 unus
493 687 644 778 idemque
657 708 772 757 seusus
787 687 925 778 exprimi
943 699 1050 779 queat.
1069 685 1170 776 Atqui
1181 686 1268 754 inter

223 836 277 883 eus
300 814 424 882 nullam
444 813 579 882 fortasse
598 812 741 904 reperias
766 834 838 903 quae
858 811 973 903 figuris
996 811 1132 881 omnino
1156 821 1265 899 vacet5

223 937 347 1006 nullam
361 938 506 1028 prosectu
522 958 592 1027 quae
604 956 700 1004 sensa
713 935 822 1004 verbis
839 935 907 1003 suis
923 936 1095 1027 exprimat.

266 1063 388 1130 Rursus
404 1060 550 1152 ejusdem
566 1058 817 1150 significationis
830 1059 940 1128 multae
960 1060 1175 1128 inveniuntur
1191 1080 1266 1127 sert-

223 1185 335 1254 tente'ee
359 1207 430 1278 quae
456 1208 496 1254 ex
518 1207 579 1255 usu
603 1185 753 1276 populari
775 1207 845 1254 nou
874 1185 1096 1276 proferuntur.
1126 1187 1267 1267 Quarum

222 1311 369 1401 exemplu
381 1310 433 1379 vel
446 1310 487 1379 ab
500 1309 683 1378 oratoribus
694 1308 746 1376 vel
759 1308 893 1399 apoetis
904 1309 1041 1396 {sumere
1060 1308 1266 1400 promptissi-

221 1455 313 1504 mum
323 1444 418 1504 esset.
434 1435 517 1504 Satis
533 1455 610 1503 veru
629 1433 671 1502 sit
680 1454 782 1523 pauca
793 1433 914 1501 referre
926 1431 1014 1501 uude
1026 1434 1119 1524 quale
1134 1434 1176 1503 sit
1186 1433 1267 1503 illud

221 1558 332 1650 adagii
346 1581 452 1650 genus
466 1558 644 1648 intelligas.

256 1767 292 1777 —
301 1736 401 1792 Actum
410 1753 444 1791 ne
456 1751 534 1807 uque.

258 1863 291 1875 —
302 1832 411 1895 Ἀὅουλος
422 1835 479 1907 ἀνὴρ
491 1835 523 1895 εἰς
534 1833 598 1886 κενὸν
612 1835 695 1906 papiri
709 1835 807 1905 τρέχων.

258 1961 292 1972 ·-
306 1929 408 2016 ᾌνδρῶν
421 1934 517 2002 φαύλων
532 1931 597 2002 ὅρκον
607 1931 639 1990 εἰς
653 1927 717 2002 ὕδωρ
729 1930 817 2002 γράφι.

222 2062 333 2130 Simile
350 2062 473 2153 aliquid
487 2062 573 2155 apud
588 2062 746 2132 Catullum
763 2084 771 2127 ι

293 2259 397 2280 .....
412 2220 513 2278 Mulier
528 2220 635 2294 cupido
648 2222 725 2294 quod
735 2219 810 2278 dixit
822 2219 932 2276 amanti

293 2322 325 2376 ln
336 2327 422 2378 vento
434 2326 464 2376 et
473 2318 575 2390 rapida
584 2318 709 2376 scribere
722 2326 839 2391 oportet
851 2334 937 2392 aqua.

267 2465 375 2554 Neque
393 2484 466 2532 raro
480 2461 650 2531 sententiis
665 2463 774 2531 mixtae
791 2462 973 2533 locutiones
993 2464 1137 2555 speeiem
1151 2464 1217 2534 illis
1236 2474 1269 2535 et

222 2585 289 2656 vim
305 2583 431 2655 addunt
444 2586 621 2678 proverbii.
641 2589 688 2655 lta
701 2588 799 2656 liivus
814 2587 1033 2679 Hieronymus
1045 2590 1197 2682 scripsit:

257 2744 401 2802 -Oleum
413 2743 542 2817 perdidit
553 2753 583 2802 et
596 2744 740 2818 impensas
751 2746 802 2820 qui
809 2748 912 2807 bovem
920 2748 1014 2806 mittit
1026 2749 1062 2806 ad
1071 2765 1197 2810 ceroma.

267 2890 387 2957 Verum
403 2909 441 2955 ea
455 2887 588 2958 demum
603 2892 767 2958 sententia
781 2889 849 2959 vim
861 2889 961 2958 habet
975 2892 1152 2982 proverbii,
1169 2913 1267 2983 quum

222 3010 339 3101 vulgus
350 3012 451 3081 veluti
462 3015 629 3103 signatum
641 3015 805 3082 numisma
813 3015 942 3107 recipit,
954 3037 1022 3084 uon
1035 3005 1097 3084 uni
1109 3026 1165 3084 aut
1174 3017 1267 3088 alteri

222 3136 305 3225 viro,
332 3135 391 3205 sed
414 3139 534 3227 populo
560 3139 652 3207 omni
674 3139 753 3207 utile
777 3140 933 3208 futurum.
960 3141 1149 3230 cujusmodi
1172 3143 1265 3231 illud,

222 3259 310 3329 iuter
332 3261 483 3330 Hebraeos
507 3262 585 3330 olim
609 3263 763 3353 populare
786 3264 885 3355 (quod
906 3264 988 3355 ipsis
1010 3265 1137 3334 Erusmi
1157 3266 1266 3337 verbis

224 3382 358 3474 reier0):

259 3533 357 3599 —Qui
371 3533 402 3590 in
416 3535 507 3591 altum
518 3533 612 3592 mittit
625 3535 751 3610 lapidem
763 3552 850 3609 super
864 3546 952 3610 eaput
964 3536 1028 3610 ejus
1040 3535 1161 3595 recidet.

225 3672 330 3755 Quum
345 3688 452 3744 autem
471 3698 510 3747 eo
530 3687 625 3767 paeto
644 3679 697 3748 vel
712 3678 833 3748 locutio
851 3680 1049 3771 generaliter
1061 3692 1201 3773 sumpta,
1218 3670 1272 3751 vel

224 3797 387 3866 sententia
398 3800 562 3891 proverbii
577 3805 648 3873 loeo
663 3814 829 3896 usurpata,
851 3804 888 3872 iu
906 3804 1013 3876 iorum
1033 3815 1070 3875 ut
1086 3806 1132 3874 ita
1149 3806 1267 3894 dicam,

225 3918 405 4012 deseendit,
418 3924 496 3993 inde
508 3927 600 4015 solet,
610 3927 647 3996 iu
660 3929 734 3999 vitae
746 3951 783 3999 ae
795 3932 956 4002 sermonis
967 3932 1105 4002 humani
1113 3954 1270 4002 commer-

225 4046 313 4117 cium
323 4047 447 4117 venire.
462 4049 545 4119 Sunt
554 4051 616 4120 alia
627 4051 667 4122 de
680 4047 773 4122 inani
785 4077 882 4148 opere
895 4057 1088 4150 proverbia:
