2992 4904
316 469 352 524 m
661 467 704 521 DE
722 465 855 521 ADAGHS
874 467 1009 525 ERASMi.

318 589 384 675 bat,
411 589 504 678 quasi
530 588 707 677 indignum
728 598 813 656 esset
837 588 874 655 in
898 610 1016 657 manus
1047 609 1159 657 eorum
1185 589 1356 659 bominum

317 714 428 781 venire
445 734 524 801 quos
538 713 671 802 impune
686 712 767 781 latro
781 713 916 802 quisque
931 714 1140 803 praedaretur.

361 839 527 926 ss-Neque
536 836 638 924 tertii,
650 859 753 926 neque
764 837 876 928 quarti
884 839 1102 928 Meqaremm,
1110 838 1145 905 id
1161 849 1210 906 est
1224 839 1358 956 indigni

316 962 372 1051 qui
394 961 494 1028 ullum
514 961 602 1029 inter
617 963 754 1051 populos
775 963 884 1030 locum
906 961 1086 1030 obtineant.
1108 963 1199 1042 Quod
1215 964 1251 1029 in
1265 964 1359 1053 AEgi·

316 1094 408 1152 netas
431 1107 557 1175 quoque
580 1086 840 1176 detorquebatur.
865 1087 964 1154 Multa
985 1085 1170 1155 istiusmodi
1187 1083 1357 1156 referenda

314 1208 502 1277 testimonia
517 1221 625 1278 essent
645 1213 762 1279 veteris
782 1211 879 1301 hujus
898 1213 1143 1285 consuetudinis
1163 1215 1225 1302 qua
1245 1212 1357 1303 popuii

315 1341 438 1399 eertum
452 1333 594 1400 invicem
608 1334 716 1400 iocum
728 1343 760 1401 et
772 1335 921 1404 ordinem
935 1337 1158 1428 assignabant.

359 1494 399 1505 —
413 1465 573 1545 Δοολόοομος
600 1465 759 1542 Μεσσήνης,
777 1479 845 1526 non
865 1461 936 1528 sine
954 1462 1043 1530 luctu
1056 1459 1352 1529 circumferebatur.

312 1588 415 1649 Κέοκον
431 1592 519 1666 οἰκεῖς,
531 1585 653 1650 Cescon
668 1581 809 1672 habitas,
825 1583 913 1652 haud
927 1595 1057 1675 gratum
1072 1587 1158 1677 quod

346 1799 381 1809 -
392 1771 460 1829 Πολις
473 1771 626 1843 Κέσχοςινοῡν
640 1774 681 1824 οὐκ
694 1772 782 1841 ἔχουσα

311 1944 409 2033 vulgo
425 1946 615 2015 celebratur.

355 2079 479 2149 -Ὄνος
492 2081 565 2165 παρὰ
581 2081 717 2161 Κυμαίους
731 2073 897 2163 ignaviam
910 2085 942 2143 et
955 2075 1116 2165 ineptiam
1138 2077 1357 2144 Cumanorum

312 2197 479 2285 irridebat,
505 2221 605 2288 quum
625 2201 711 2290 apud
731 2223 787 2270 eos
808 2202 918 2270 sabula
941 2210 1025 2270 esset
1044 2201 1128 2267 asini
1144 2202 1275 2268 leonem
1297 2223 1355 2290 ge·

312 2321 426 2408 remis,
449 2343 513 2411 quo
534 2323 604 2390 viso
623 2323 687 2412 ipsi
704 2324 847 2413 primum
868 2323 990 2391 suerint
1013 2324 1129 2390 territi.
1152 2325 1215 2390 Nec
1238 2322 1355 2391 Boeotis

312 2449 419 2536 magis
431 2448 547 2537 adagia
562 2449 726 2535 favebant,
744 2472 843 2539 quum
864 2450 1040 2518 absurdum
1061 2460 1093 2518 et
1114 2457 1252 2539 βοιοοικόν
1268 2447 1356 2515 idem

313 2571 497 2659 significare
514 2592 628 2638 omnes
643 2572 888 2659 arbitrarentur,
905 2582 962 2640 ut:
1049 2598 1053 2605 ·

348 2793 379 2804 -
386 2766 506 2822 natanto<
516 2770 575 2829 νοῦς,
583 2764 705 2829 deterrui(
712 2767 788 2838 νόμος,
797 2755 909 2832 botunto&
919 2766 1057 2838 αἰνίγματα,
1068 2763 1191 2820 Baeotica
1201 2761 1353 2818 cantilena.

245 2914 257 3027 ι,
311 2938 473 3029 Adagium
486 2942 567 3011 illud
582 2951 699 3029 Κύπριος
710 2954 779 3031 βοῦς,
790 2941 826 3009 id
841 2951 890 3009 est
904 2948 1069 3032 σκατοφάγος
1078 2939 1115 3005 in
1125 2938 1279 3005 animalia
1288 2959 1356 3005 ma·

311 3067 363 3155 gis
378 3088 475 3156 quarn
488 3069 523 3136 in
539 3069 691 3137 homines
703 3067 859 3156 quadrare
873 3066 946 3156 quis
958 3087 1026 3134 uon
1042 3065 1262 3133 existimaret?
1272 3067 1356 3153 Psy-

310 3189 376 3257 rice
396 3191 487 3267 sacta
500 3213 560 3281 pro
583 3192 680 3260 rebus
695 3191 838 3279 maligne
854 3190 955 3279 gestis
970 3211 1209 3280 nonnunquam
1229 3209 1354 3258 memo·

311 3314 453 3382 rabatur.
470 3318 528 3385 Cui
540 3317 658 3405 adagio
671 3323 802 3406 Ἄρκοδοις
812 3322 981 3404 μιμούμενοι,
993 3315 1029 3383 id
1039 3325 1087 3382 est
1100 3314 1263 3382 Arcadum
1274 3334 1356 3402 pau-

311 3441 435 3530 periem
447 3440 578 3526 imitati,
590 3449 645 3507 aut
660 3447 868 3530 Repentina,
884 3439 1031 3508 Caricum
1047 3459 1187 3525 sacrum,
1206 3438 1352 3505 conferre

309 3562 413 3633 decet.

355 3688 454 3757 Multa
479 3688 597 3755 malam
627 3686 725 3755 fidem
753 3696 786 3755 et
811 3687 954 3779 perjuria
976 3696 1009 3755 et
1031 3685 1213 3778 proditores
1239 3705 1351 3774 carne-

311 3813 403 3883 bant.
432 3814 625 3904 Hujusmodi
648 3824 726 3881 sunt
743 3821 884 3905 Μογομοκὴ
898 3824 1027 3904 μηχανή,
1054 3834 1105 3881 ars
1135 3811 1349 3901 Megarensis‚

310 3937 345 4007 id
368 3951 417 4007 est
443 3940 533 4008 aliud
557 3938 698 4026 sentire,
722 3938 810 4008 aliud
839 3939 945 4028 loqui,
972 3936 1059 4028 quod
1092 3935 1133 4004 ab
1170 3936 1351 4004 Athenien-

311 4064 401 4133 sibus
432 4028 507 4132 usdi
541 4063 805 4131 commendatum
835 4084 909 4132 reor
937 4063 994 4154 qui
1022 4082 1150 4153 semper
1177 4063 1348 4152 Megaren-
