2992 4904
668 428 711 483 DE
730 426 864 483 annuus
883 428 1018 486 ERASMI.

385 575 421 587 -
435 544 498 615 Odi,
512 545 588 615 redi,
604 545 671 611 teci,

385 641 419 696 Se
432 640 498 697 vuoi
514 640 608 698 vivere
621 641 652 697 in
663 657 745 714 pace.

383 795 417 807 -
431 764 456 820 ll
467 781 524 837 you
536 782 585 838 say
601 766 679 823 what
691 784 748 839 you
762 768 833 825 have
846 783 925 838 seen,

384 863 445 918 Yon
464 863 522 919 will
536 864 586 918 tell
597 864 675 920 what
687 864 746 921 will
760 865 859 922 sbame
870 881 938 938 you.

385 1013 420 1023 -
433 982 477 1053 Oi,
491 983 548 1052 voi,
559 984 638 1055 parle
648 983 707 1056 poi.

386 1081 420 1137 Se
435 1089 468 1136 tu
487 1081 592 1152 parles,
609 1080 756 1153 garde-toi

385 1179 423 1234 De
439 1177 489 1250 qui
505 1187 537 1234 tu
551 1179 646 1251 parles
658 1187 687 1234 et
701 1181 736 1236 de
751 1177 831 1250 quoi.

384 1277 458 1332 Tout
469 1275 531 1334 voir
543 1291 579 1332 ne
590 1283 656 1332 sont
671 1275 717 1332 bel
732 1275 835 1333 adire.

356 1451 436 1519 Mihi
450 1473 640 1542 persuasum
655 1461 716 1540 est,
734 1454 762 1520 si
776 1455 848 1543 quis
860 1464 982 1524 attente
1003 1468 1148 1526 veterum
1160 1458 1276 1548 adagia
1288 1479 1361 1527 cnm

312 1579 433 1647 nostris
459 1600 654 1669 componere
683 1579 854 1666 studuerit,
882 1581 984 1648 multa
1011 1603 1121 1650 eorum
1150 1605 1220 1674 qnae
1246 1584 1363 1674 gallica

313 1701 539 1770 existimantur
553 1703 642 1771 hunc
657 1703 694 1770 in
716 1703 858 1792 antiquis
879 1704 1007 1793 scriptis
1023 1706 1254 1791 inventurnm3
1280 1707 1361 1775 adeo

311 1824 451 1893 intense
480 1826 628 1893 omnium
652 1827 847 1916 populorum
868 1836 996 1895 mentes
1017 1838 1049 1895 et
1070 1829 1207 1918 ingenia
1225 1850 1361 1898 concor-

315 1949 410 2017 dantt

356 2150 512 2219 Nonnihil
528 2161 637 2218 tamen
653 2151 695 2220 ad
711 2151 901 2241 populorum
924 2150 1095 2221 historiam
1116 2152 1263 2221 conferre
1284 2175 1361 2244 pro·

311 2275 422 2343 verbio
442 2296 667 2364 agnoscemus.
689 2276 759 2345 Etsi
780 2275 870 2343 enim
885 2276 1075 2365 adagiorum
1094 2275 1256 2365 originem
1274 2277 1363 2346 dete-

312 2421 389 2490 gere
407 2421 474 2468 non
489 2421 673 2490 possumus,
690 2411 800 2469 tamen
816 2423 856 2469 ex
869 2400 925 2469 itta
946 2421 1016 2490 quae
1036 2401 1153 2490 saepius
1179 2402 1255 2468 fieri
1280 2405 1363 2470 solet

312 2525 528 2593 finitimorum
548 2527 743 2616 populorum
759 2526 922 2595 simultate
944 2524 1097 2594 nonnihil
1113 2525 1195 2593 lucis
1213 2526 1287 2593 elici
1301 2548 1362 2616 po-

312 2657 387 2716 test.
405 2651 496 2728 Nam,
511 2650 588 2718 dum
605 2651 660 2717 alii
674 2650 747 2718 aliis
763 2649 999 2736 obtrectabant,
1015 2649 1116 2716 multa
1132 2648 1363 2716 succurrebant

312 2773 429 2863 quibus
453 2795 560 2842 mores
590 2794 665 2842 suos
694 2773 836 2840 invicem
866 2772 1083 2862 depingerent
1115 2780 1369 2862 carperentque!

311 2902 377 2966 Hoc
397 2898 555 2988 primum;
583 2899 700 2967 deinde
725 2899 797 2989 quis
817 2919 885 2967 non
911 2897 1109 2966 contendere
1130 2897 1215 2963 ausit
1236 2919 1275 2964 ex
1291 2897 1362 2987 ipsa

309 3021 465 3109 loquendi
480 3023 607 3090 ratione
634 3021 809 3111 conjectari
829 3041 937 3111 posse,
956 3029 993 3088 ut
1010 3019 1223 3109 privatorum,
1245 3021 1290 3088 ita
1303 3042 1362 3111 po·

311 3141 462 3231 pulcrum
477 3163 592 3209 sensus
606 3164 642 3210 ao
653 3141 787 3210 vivendi
800 3141 973 3208 rationem.

357 3273 403 3338 Ex
414 3269 540 3359 adagiis
557 3268 655 3336 etiarn
671 3280 741 3337 tum
755 3268 932 3358 religiones
947 3268 983 3334 in
998 3276 1096 3356 gente
1109 3267 1252 3357 qualibet
1266 3287 1361 3335 sanc·

311 3394 466 3472 tissimus,
487 3405 555 3463 tum
570 3403 687 3475 caetere
705 3392 855 3459 instituta
877 3391 1075 3480 colligimus
1091 3391 1143 3458 vel
1158 3391 1293 3459 intimos
1307 3411 1362 3459 vc-

311 3526 417 3585 terum
430 3538 506 3585 usus
522 3527 554 3583 et
568 3489 837 3584 familiarissimas
853 3513 1106 3582 consuetudines
1117 3514 1362 3602 introspicimus

313 3655 346 3711 et
369 3642 555 3710 ediscimus
573 3641 657 3708 Sunt
684 3639 800 3729 adagio
825 3659 896 3730 quae
919 3637 1070 3727 gentium
1095 3638 1257 3724 indolem,
1286 3648 1363 3707 sunt

312 3791 383 3861 quae
397 3770 570 3859 regionum
585 3769 775 3859 adspectum
793 3765 993 3872 describunt.
1011 3764 1099 3834 Nihil
1113 3775 1161 3832 est
1174 3765 1263 3831 enim
1275 3763 1362 3854 quod

311 3923 380 3971 non
401 3904 491 3993 vulgi
503 3904 617 3991 lingua
633 3902 790 3989 celebret3
806 3922 896 3969 nnnc
920 3899 1036 3968 mnndi
1061 3899 1230 3968 muliebris
1257 3901 1361 3977 cultris

310 4025 443 4096 lrivolos
457 4039 489 4095 et
504 4027 658 4096 evanidos
674 4048 765 4114 usus,
783 4048 872 4096 nunc
888 4026 1083 4115 religionem
1093 4046 1130 4093 ac
1144 4023 1359 4109 carimonias,
