2992 4904
320 431 355 487 ³8
669 427 714 484 DE
731 425 865 483 lutcus
882 427 1015 486 ultastfl.

351 549 425 633 Quo
439 548 598 619 tamenin
613 549 720 620 studio
730 571 856 620 summa
869 550 1093 620 moderatione
1108 560 1203 641 atque
1215 549 1358 640 pruden-

314 675 360 742 tia
384 696 465 766 opus
492 688 561 764 est3
583 696 689 766 neque
707 675 796 744 inter
812 685 1026 744 monumenta
1044 696 1114 767 qum
1134 675 1175 744 ad
1190 674 1360 744 historiam

315 799 457 868 attinent
486 800 609 869 dictum
635 799 812 892 quidquam
839 791 960 869 tem'ere
984 801 1135 890 recipies.
1162 804 1361 869 Documento

315 924 358 993 sit
380 923 468 1015 quod
493 925 571 993 olim
591 924 686 994 Scoto
707 923 835 994 cuidam
859 924 930 994 viro
953 923 1083 1007 accidit,
1105 925 1161 1016 qui
1180 946 1280 1015 quum
1297 923 1362 993 sibi

315 1048 510 1139 suscepisset
538 1048 647 1138 gentis
677 1069 743 1118 suae
772 1070 841 1136 res,
876 1049 1018 1118 collectis
1049 1071 1067 1117 e
1096 1049 1191 1138 plebe
1221 1047 1360 1137 adagiis,

315 1170 528 1261 perscribere,
550 1192 606 1261 spe
622 1170 756 1240 ridicule
770 1170 922 1262 deeeptus
940 1181 1001 1258 est,
1028 1173 1257 1264 inceptumque
1279 1170 1364 1240 omi-

316 1293 371 1384 sit,
397 1305 569 1386 postquam
594 1295 766 1387 proverbia
792 1296 866 1384 illa,
893 1317 965 1386 qum
989 1295 1114 1366 civibus
1139 1296 1206 1365 suis
1232 1294 1364 1386 propria

317 1441 388 1490 esse
415 1421 589 1491 arbitratus
619 1431 700 1510 erat,
731 1443 806 1492 cum
836 1421 988 1491 omnibus
1020 1421 1148 1513 populis
1178 1419 1364 1490 communia

318 1565 389 1614 esse
402 1549 549 1638 agnovit.¹
565 1547 676 1638 Magni
691 1546 781 1616 enim
793 1546 913 1616 laboris
930 1557 979 1615 est
998 1546 1182 1616 discernere
1198 1545 1251 1615 cui
1261 1544 1365 1637 potis·

319 1669 440 1740 simum
462 1670 583 1761 populo
598 1669 772 1740 tribuenda
790 1670 858 1739 sint
877 1669 932 1738 illa
948 1670 1120 1762 proverbio
1136 1690 1206 1760 quae
1225 1689 1314 1755 mox,
1328 1665 1363 1733 in

319 1796 427 1865 medio
441 1796 560 1887 posita,
580 1797 729 1887 gentium
744 1795 892 1865 omnium
909 1795 998 1865 velut
1011 1795 1190 1865 indivisum
1209 1790 1366 1885 patrimo·

320 1924 426 2011 nium,
450 1932 518 2012 aut,
544 1932 582 1991 ut
600 1922 732 1992 Flaccus
756 1921 814 2003 ait,
839 1921 969 2014 publica
989 1923 1153 2010 materies,
1177 1920 1366 1989 factasunt.

184 2115 193 2138 ‚
319 2047 377 2116 Illa
401 2047 493 2115 enim
514 2056 630 2135 gentes
655 2046 726 2115 aliaa
744 2045 816 2115 aliis
833 2044 1038 2115 tradiderunt
1058 2054 1090 2113 et
1108 2045 1196 2112 inter
1218 2063 1253 2112 se
1276 2040 1370 2133 quasi

322 2180 436 2240 mutuo
464 2169 660 2240 commercio
684 2170 732 2239 ita
756 2170 1078 2239 communicaverunt
1099 2179 1136 2239 ut
1158 2167 1248 2238 haud
1275 2167 1371 2238 facile

323 2293 460 2388 quodvis
475 2293 629 2385 adagium
647 2293 689 2362 ad
704 2294 844 2385 primam
858 2293 1021 2385 originem
1035 2293 1155 2362 referre
1165 2291 1283 2384 possis.

371 2418 449 2501 Quis
468 2439 537 2488 non
557 2417 668 2486 credat
682 2418 881 2489 locutionem
899 2418 989 2487 illam
1002 2441 1036 2488 re
1052 2418 1205 2488 monebor
1216 2415 1263 2488 du
1273 2414 1370 2510 pied,

323 2544 376 2614 rel
392 2540 439 2613 dc
462 2539 576 2622 coudc,
595 2543 684 2611 inter
700 2542 807 2613 Gallos
827 2552 939 2612 natam
959 2552 992 2613 et
1011 2542 1098 2634 apud
1117 2544 1222 2614 Gallos
1243 2552 1378 2612 tantum-

328 2666 502 2737 usitatam?
519 2669 608 2734 Hanc
629 2673 739 2734 tamen
760 2665 797 2735 in
816 2665 919 2735 latino
940 2687 1091 2736 sermone
1106 2666 1259 2736 babuisse
1273 2665 1374 2735 fidem

326 2801 462 2864 testatur
476 2794 641 2861 Erasmus.
661 2793 732 2862 «Ut
747 2791 776 2861 si
789 2792 1028 2861 salsamentarii
1040 2791 1108 2860 filio
1118 2791 1207 2861 dicas
1220 2815 1228 2860 ε
1242 2790 1373 2883 quiesce

326 2924 375 3004 tu,
394 2917 486 3007 cujus
508 2925 600 3007 pater
621 2936 656 2985 se
681 2915 791 2986 cubito
811 2937 988 3008 emungere
1008 2915 1144 2987 solebat.
1165 2941 1183 2982 a
1207 2915 1266 2987 Vel
1286 2915 1374 2985 inter

328 3042 454 3112 urceos
473 3050 600 3110 versata
625 3052 658 3111 et
675 3012 806 3132 vulgata
828 3042 925 3112 nobis
945 3043 1084 3113 occurrit
1103 3042 1217 3112 eadem
1242 3040 1375 3112 dicendi

328 3162 434 3256 figure
449 3188 457 3231 :
475 3175 574 3254 ἀγκῶνι
585 3173 810 3256 ἀπομυσσόμενος.

372 3284 526 3356 Conscras
541 3286 608 3374 illa,
626 3286 666 3356 de
681 3287 812 3358 silentio
827 3288 879 3358 vel
893 3288 934 3358 de
946 3289 1133 3380 genulitate
1150 3313 1158 3357 :

402 3577 438 3592 -
448 3553 519 3621 Σιγῆς
534 3545 654 3603 ἀκίνδυνον
665 3550 747 3622 pipat.

403 3715 439 3727 -
454 3687 503 3742 Est
517 3693 548 3743 et
558 3684 635 3744 fideli
651 3692 717 3743 tuta
727 3682 842 3744 silentio

404 3782 522 3840 Merces.
1151 3777 1304 3855 (Furere.)

268 4048 272 4054 ·
341 4016 445 4088 «tam
464 4015 543 4085 obrn
559 4016 596 4084 in
614 4013 785 4107 proverbio
809 4025 860 4085 est
877 4013 998 4085 nobilis
1022 4014 1079 4084 illa
1098 4012 1276 4085 Simonidis
1302 4032 1379 4084 sen·
1452 4044 1455 4051 ·
