2992 4904
312 402 347 459 3ss
659 402 703 456 DE
721 402 853 458 anoctis
871 403 1004 458 naason.

311 526 419 613 Neque
434 522 525 590 illum
536 523 668 591 Homeri
682 543 823 610 versum,
841 524 973 613 insigne
987 525 1131 614 prolecto
1146 525 1186 592 ad
1199 526 1351 595 virtutem

311 649 565 737 hortamentum,
581 649 713 718 silentio
724 650 952 738 praetermittit.

382 886 417 896 -
429 847 469 914 Εἷς
484 856 560 914 οἰωνὸς
577 855 671 926 ἄριστος
683 854 811 924 ἀμύνεσθαι
827 853 881 924 περὶ
893 853 995 925 πάτρης,

310 1037 361 1105 vel
374 1045 512 1104 stoicum
527 1033 607 1102 illud
620 1036 736 1102 scitum

348 1264 383 1275 -
394 1232 482 1301 Ἀνέχου
496 1230 536 1284 καὶ
548 1233 649 1299 ἀπέχου.

355 1407 394 1471 Ut
411 1424 488 1470 vero
505 1401 676 1470 sententia
697 1401 857 1490 ejusmodi
873 1401 1107 1493 aphilosophis
1131 1410 1163 1468 et
1184 1400 1351 1491 sapientia

296 1514 475 1614 'magistris
493 1523 696 1592 concinnata
708 1532 797 1612 sunt,
814 1523 860 1591 ita
872 1525 1044 1614 proverbia
1059 1523 1204 1614 quadarn
1221 1544 1352 1614 compa·

309 1657 423 1714 rantur
436 1646 477 1713 ad
491 1667 587 1730 nsum
601 1647 714 1736 populi
730 1668 800 1736 quae
815 1646 998 1716 suadentut
1011 1647 1136 1716 lucrum
1145 1645 1284 1715 honesto
1294 1668 1352 1714 an-

309 1780 494 1859 teponatur.
513 1769 669 1848 Quocirca
679 1769 741 1839 hoc
758 1768 799 1837 ab
813 1769 1030 1860 Aristophane
1048 1769 1170 1840 dictum

379 2003 415 2015 -
429 1973 458 2025 Ti
471 1975 528 2045 πρὸς
541 1975 562 2025 τ’
576 1974 674 2044 ἄλφιτα.

185 2208 194 2237 ,
305 2144 378 2210 Hac
394 2140 634 2229 adagiavnlgns
646 2139 819 2225 delectant,
833 2139 919 2229 quod
930 2151 1152 2230 paupertatem
1162 2141 1226 2209 sibi
1236 2143 1352 2211 metuit

306 2266 382 2332 etin
396 2265 467 2332 aliis
476 2263 625 2353 despicit,
638 2273 732 2353 atque
740 2262 821 2332 adeo
829 2285 926 2332 omne
935 2286 1040 2353 genus
1049 2265 1182 2356 inopia,
1194 2266 1352 2357 quidquid

306 2389 412 2459 debile
427 2401 482 2459 aut
496 2389 675 2459 invalidum
690 2399 795 2479 putat,
810 2399 1012 2481 aspernatur.

341 2626 376 2637 -
385 2599 472 2667 Γραῦς,
490 2593 522 2655 ὥς
533 2612 568 2652 τις
579 2594 649 2652 ἵππος
664 2592 703 2644 τὸν
714 2590 862 2664 χαραδραῐον
874 2593 948 2664 τάφον
964 2575 1031 2655 {iaici

305 2776 424 2866 Turpia
438 2773 560 2865 pariter
576 2783 652 2841 sunt
667 2772 722 2840 illa

341 3006 377 3018 -
393 2973 484 3047 Klpdaa
495 2975 607 3044 αἰσχύνης
622 2976 728 3047 ἄμεινον,

341 3072 419 3133 -Ὡς
432 3074 518 3145 ἀγαθὸν
533 3074 581 3125 let'
592 3074 728 3145 ἇπωνυμίας
741 3073 831 3134 πολλὰς
844 3075 919 3142 iptio!

304 3234 447 3312 'Fatebor
457 3240 608 3331 equidem
618 3239 761 3310 nefanda
772 3240 829 3308 illa
837 3240 954 3330 adagia
962 3238 1098 3309 diversis
1111 3239 1238 3330 adagiis
1247 3240 1351 3308 refelli

305 3386 412 3457 posse.
440 3365 524 3433 Sunt
548 3363 637 3430 enim
652 3374 685 3432 et
699 3385 770 3454 qnae
784 3363 898 3433 vitium
915 3372 1032 3432 notant
1047 3372 1080 3431 et
1096 3383 1166 3454 quae
1181 3361 1350 3432 stultitiam

307 3489 469 3574 derident,
483 3496 539 3556 aut
550 3509 625 3556 suas
636 3488 737 3578 culpae
746 3509 857 3578 pannas
870 3486 1076 3556 denuntiant.
1091 3486 1182 3555 Unde
1199 3488 1349 3578 colligere

307 3625 355 3683 est
371 3611 557 3681 nniversam
577 3609 768 3700 adagiorum
787 3611 949 3679 rationem
968 3632 985 3678 e
1004 3609 1186 3701 disparibus
1202 3622 1349 3682 constare

307 3737 480 3807 sententiis
511 3745 544 3803 et
568 3736 659 3825 quasi
688 3735 813 3803 varium
839 3735 935 3804 nobis
963 3736 1106 3826 praehere
1135 3735 1349 3829 philosophie

307 3859 438 3927 moralis
450 3859 590 3925 colorem
606 3866 637 3922 et
651 3856 786 3927 vultum.
800 3858 908 3947 Neque
922 3855 1052 3926 dilficile
1069 3857 1111 3925 sit
1133 3857 1219 3927 hanc
1234 3880 1349 3951 perpe·

307 3990 394 4049 tuam
414 3980 658 4072 proverbiorum
675 3980 924 4071 discrepantiam
941 3981 1095 4073 exemplis
1113 3983 1345 4053 demonstrare.
