2992 4904
572 447 615 499 1111
634 445 765 498 abactis
784 440 918 501 Ettasltt.
1251 448 1269 502 5

219 567 270 634 vel
288 564 559 634 bibliothecarum
579 565 721 632 tenebris
737 586 848 633 eruere
862 578 894 634 et
904 567 939 633 in
957 567 1104 634 medium
1118 567 1262 657 proferre

221 689 376 778 studeret,
403 711 440 758 ea
463 698 573 757 tamen
597 710 683 759 novo
710 689 799 758 cultu
820 700 935 759 ornata
951 701 983 758 et
1006 692 1192 781 legentibus
1209 694 1264 781 ju·

222 813 422 881 candissima
436 834 506 882 esse
526 813 650 902 voluit;
666 814 763 882 itaut
783 815 1012 904 antiquitatem
1028 815 1179 906 discipuli
1197 837 1265 883 non

223 944 459 1024 cognoscerent
474 934 584 1021 modo,
597 932 656 1002 sed
670 935 768 1003 etiam
781 945 940 1003 amarent.
958 939 1100 1004 Juvenes
1114 937 1268 1026 igiturex

223 1059 384 1147 angustiis
398 1060 432 1125 in
449 1058 737 1149 campumeduxit;
750 1081 823 1128 curn
832 1059 982 1128 illisvero
991 1060 1185 1151 quicumque
1199 1081 1269 1128 rno-

223 1204 292 1250 ram
307 1183 384 1252 huic
400 1182 582 1252 studiorum
593 1183 736 1251 libertati
746 1183 937 1272 afferebant,
952 1184 1073 1253 bellum
1085 1185 1269 1253 indefessus

223 1304 342 1394 gessit3
362 1315 393 1373 et
417 1326 475 1374 suo
491 1314 594 1372 marte
605 1307 765 1394 pugnavit
779 1327 868 1395 nnnc
885 1306 1039 1377 adversus
1056 1330 1113 1377 cos
1128 1309 1184 1397 qui
1194 1308 1267 1376 bar-

223 1429 348 1499 bariem
373 1439 405 1499 et
434 1430 631 1521 ignorantia
654 1441 812 1521 tempora,
834 1433 935 1501 veluti
953 1434 1106 1503 societate
1130 1432 1272 1524 quadarn

222 1555 310 1623 inter
335 1576 370 1624 se
392 1556 478 1639 lacta
490 1555 737 1645 protrahebant,
758 1577 847 1625 nunc
861 1558 1017 1628 adversus
1031 1560 1105 1627 illos
1123 1558 1269 1628 cruditos

223 1682 310 1750 viros
326 1683 383 1772 qui
396 1693 606 1751 renascentes
619 1683 744 1754 litteras
765 1685 890 1775 inJ‘ustd
902 1688 1101 1776 usucapione
1119 1689 1183 1756 sibi
1195 1689 1270 1755 vin·

224 1805 331 1876 dicare
348 1809 603 1878 contendebant.

269 1931 410 2000 Proinde
438 1944 470 2001 et
495 1935 649 2024 praeclaro
672 1933 810 2024 ingenio
831 1946 864 2002 et
888 1937 956 2004 acri
975 1940 1133 2007 memoria
1156 1939 1271 2026 fretus,

225 2066 318 2128 atate
342 2059 481 2146 florens,
497 2078 664 2127 musarum
679 2077 789 2126 amore
804 2079 992 2148 percussus,
1010 2061 1086 2130 huic
1101 2082 1207 2152 opera
1223 2073 1274 2130 to·

225 2195 294 2253 tum
322 2205 357 2253 se
385 2183 491 2270 dedit,
518 2192 554 2251 ut
568 2182 692 2250 Tiberis
709 2192 742 2250 et
756 2182 864 2251 Rheni
882 2185 971 2274 ripas
987 2185 1168 2255 studiorum
1189 2207 1271 2254 con-

225 2309 325 2377 sortio
336 2310 564 2398 conjungeret,
578 2306 716 2397 ideoque
729 2308 895 2397 amplexus
909 2318 958 2376 est
970 2309 1129 2399 quidquid
1138 2311 1174 2376 in
1189 2309 1273 2377 libe-

225 2433 346 2502 ralibus
360 2432 543 2523 disciplinis
556 2432 715 2523 optimum
728 2453 764 2499 ac
776 2431 1031 2522 pulcherrimum
1040 2445 1137 2523 esset,
1151 2434 1273 2502 nedum

225 2559 322 2626 arctis
338 2557 532 2648 quibusdam
545 2557 668 2626 linibus
680 2578 739 2626 sua
754 2557 863 2626 studia
877 2558 1071 2628 includeret.

268 2684 428 2752 Nimirum
441 2682 503 2750 hoo
516 2690 639 2751 certum
652 2681 689 2748 in
713 2681 804 2750 omni
819 2682 894 2752 vitae
908 2683 996 2752 illins
1010 2705 1106 2753 cursu
1121 2686 1273 2775 proposi-

224 2818 293 2879 tum
317 2829 487 2898 agnosces.
517 2805 679 2895 Neglectis
704 2805 794 2873 enim
811 2807 1046 2877 monachorum
1063 2809 1272 2898 clamoribus

224 2932 281 3022 qui
294 2931 450 2998 latinitati
469 2930 617 2998 sibinen
632 2928 805 2997 intellectae
820 2928 959 2999 haeresin
981 2932 1115 3000 subesse
1129 2933 1274 3023 suspica-

224 3056 356 3141 bantur,
373 3053 523 3143 neglecta
538 3052 636 3121 etiam
662 3072 775 3119 eorum
796 3051 846 3119 ira
866 3074 946 3143 quos
966 3054 1131 3123 Ciceronis
1159 3055 1274 3125 simios

224 3180 418 3271 appellabat,
443 3181 595 3246 Erasmus
620 3174 738 3244 audeo
757 3176 894 3266 plaudit,
926 3180 982 3268 qui
1004 3189 1168 3248 certamen
1194 3200 1268 3248 oum

223 3307 311 3375 italis
337 3314 524 3392 susceptum
550 3299 688 3369 viriliter
707 3303 856 3371 sustinet.
892 3305 997 3392 Reges
1029 3302 1072 3371 ad
1100 3303 1272 3371 scientiam

225 3431 434 3501 excolendam
450 3429 610 3518 accendit,
627 3452 647 3498 a
662 3431 779 3521 quibus
792 3429 935 3499 maxima
947 3428 1000 3496 his
1012 3427 1127 3497 studiis
1139 3427 1273 3518 praemia

223 3557 365 3648 proponi
378 3555 468 3625 velit.
486 3555 604 3625 Omnes
620 3554 761 3646 denique
777 3575 878 3645 quum
890 3575 969 3623 voce
982 3565 1015 3630 et
1029 3553 1187 3643 epistolis,
1203 3563 1272 3621 tum

225 3683 372 3772 exemplo
384 3681 501 3751 incitat
516 3688 553 3747 ut
564 3678 752 3749 liberalibus
767 3679 891 3748 artibus
902 3678 1088 3748 refovendis
1101 3679 1151 3746 vel
1161 3688 1273 3748 aucto·¹

225 3831 277 3878 res
297 3807 378 3875 fiant
396 3807 448 3874 vel
462 3815 596 3892 tutores,
612 3803 778 3872 ueletiam
793 3803 935 3872 mirabili
949 3802 1090 3894 quodam
1109 3822 1272 3871 consensu

191 3962 192 3965 ¹
226 3955 341 4004 omnes
349 3943 574 4023 preceptores.
584 3929 675 3999 Libri
686 3930 794 4020 itaque
806 3929 862 3997 alii
874 3950 971 4019 super
986 3931 1066 3999 alios
1082 3929 1124 3996 ab
1138 3932 1273 3998 Erasmo

227 4058 381 4144 eduntur,
402 4067 439 4126 ut
458 4058 569 4129 omnia
594 4057 773 4125 litterarum
803 4054 891 4145 apud
918 4064 1045 4127 veteres
1074 4055 1273 4123 excultarum
