2992 4904
573 463 618 518 DE¹
634 462 766 517 AltAGssS
784 461 917 518 neusin.
1238 461 1270 518 21

228 605 368 683 mentae,
387 591 488 663 Graeei
509 590 680 680 Latinique
704 576 870 678 ¹uulgarem
893 589 934 657 ad
953 610 1049 656 usum
1070 597 1271 656 creaverunt.

229 723 317 787 {nter
331 718 452 808 figuras
466 715 575 784 multae
595 723 768 783 occurrunt
783 735 823 783 ex
837 714 1060 783 animantibus
1072 725 1221 803 sumpta,
1238 720 1274 779 ut

229 862 300 932 quae
324 839 366 908 ad
386 841 499 930 lupum
522 845 671 926 spectant
699 861 707 903 ε
731 845 907 930 toxotii-:epe
921 850 1019 928 ζητεῖς,
1048 847 1104 905 aut
1136 834 1177 902 ad
1207 833 1274 902 asi·

230 984 322 1052 num,
340 959 522 1053 euJ'usmodi
542 971 619 1029 sunt
631 985 638 1028 :
652 969 711 1031 ὄνου
722 971 806 1041 πόκας
815 976 911 1050 ζητεῖς,
925 962 1012 1032 mini
1027 961 1123 1030 lunas
1137 958 1270 1050 quietus,

228 1090 264 1158 id
288 1100 339 1158 est
365 1111 404 1159 ea
427 1109 498 1180 quae
514 1109 676 1179 nusquam
701 1101 795 1176 sunt;
822 1091 875 1160 uel
884 1098 929 1161 τὸν
940 1098 997 1162 ὄνον
1010 1098 1117 1182 teipsa,
1139 1087 1273 1157 asinum

228 1216 353 1289 tondes.

272 1345 379 1413 Multae
393 1347 501 1416 verbis
517 1356 669 1415 constant
684 1344 934 1434 haudquaquam
947 1343 1035 1411 inter
1050 1363 1084 1410 se
1102 1349 1275 1409 consenta-

229 1468 300 1538 neis
316 1481 349 1538 et
360 1469 439 1540 inde
457 1472 659 1559 inusitatam,
675 1469 816 1539 sednon
831 1468 1053 1558 inelegantem
1069 1467 1206 1535 formam
1219 1484 1273 1532 aa·

228 1595 366 1684 cipiunt,
380 1606 416 1664 ut
427 1617 527 1686 quum

262 1772 339 1827 -In
353 1788 419 1829 aere
429 1770 548 1844 piscari,

254 1893 298 1950 ⁸-
312 1867 344 1923 ln
355 1882 434 1924 mare
445 1866 544 1926 venari
553 1866 662 1941 jacido,

262 1993 298 2006 -
309 1963 348 2028 Ἐξ
359 1965 438 2038 ἄμμου
452 1966 549 2036 σχοινίον
564 1969 668 2032 πλέκειν,

261 2064 419 2135 -Aquam
430 2080 446 2121 e
460 2062 575 2136 pumice
588 2061 747 2136 postulare,

261 2187 296 2198 -
306 2158 406 2214 Αἰθίοπα
419 2161 555 2224 aeneadum,

225 2319 261 2385 in
275 2319 474 2410 quotidianis
487 2332 658 2391 versantur
671 2319 891 2390 sermonibus.

232 2522 235 2526 ,
269 2442 436 2514 Admotis
448 2446 564 2537 fruyes
581 2446 696 2515 referri
709 2446 885 2517 nonnullas
896 2467 991 2538 posse
1004 2446 1188 2516 locutiones
1200 2445 1273 2537 qui·

225 2565 301 2636 dam
309 2579 515 2639 notaverunt.
530 2572 583 2639 Sie
594 2570 695 2638 latine
714 2595 722 2639 :

260 2735 381 2791 -Mare
396 2733 477 2806 prius
489 2734 579 2793 vitem
593 2734 707 2807 tulerit,

224 2883 276 2953 vel
289 2887 393 2974 graee'e
412 2909 420 2952 :

259 3068 295 3081 -
303 3041 336 3093 Τὸ
347 3041 450 3113 πέλαγος
461 3043 573 3115 πρότερον
583 3043 641 3097 οἶσιν
660 3044 780 3116 ἅμπιλον.

223 3190 354 3261 Celebre
365 3190 658 3265 videlieetdiotum.
677 3196 706 3265 Α
720 3219 783 3289 quo
795 3200 953 3267 Homerus
965 3209 998 3267 et
1011 3196 1172 3268 Hesiodus
1183 3219 1267 3289 pon·

222 3327 293 3386 tum
301 3339 386 3409 saepe
396 3330 514 3388 vocant
525 3328 680 3412 ἀτρύγετονς
703 3320 790 3391 haud
802 3343 895 3393 secus
909 3332 1027 3417 ἁλμυρὸν
1037 3332 1194 3414 γειτόνημα.
1211 3322 1268 3391 Di·

222 3441 379 3512 eebantur
394 3453 503 3513 autem
518 3443 587 3512 haeo
611 3455 644 3513 et
667 3447 744 3514 talia
759 3446 799 3516 de
821 3447 864 3518 iis
882 3469 954 3541 qua
971 3449 1060 3518 nullo
1078 3458 1172 3540 paeto
1191 3437 1264 3515 fieri

221 3579 370 3658 possunt.

265 3696 386 3766 Paucas
398 3698 661 3789 reperimusque
676 3698 718 3767 ad
728 3710 865 3770 ventum
879 3710 1028 3792 spectant
1044 3727 1051 3771 :

256 3913 293 3927 -
303 3887 391 3958 Δικτύῳ
411 3887 494 3960 evauno
508 3891 588 3961 νηρᾷς,
599 3897 662 3946 rete
672 3897 894 3964 ventoseaptus,

256 4013 292 4026 -
305 3984 391 4057 Αἰθέρα
403 3986 499 4060 vitnau
509 3990 618 4061 ἐρίσσειε,
634 4003 700 4049 aere
715 3989 872 4064 tranquillo
889 3990 1025 4077 remiges,

256 4113 292 4124 -
311 4079 544 4158 Ἀνίμουςγιωργιῐς,
560 4094 662 4146 Ventos
672 4103 746 4144 aras.
771 4076 775 4093 Ἰ
