2992 4904
233 423 267 478 ta
584 424 626 477 nti
649 422 781 478 nunctis
796 423 931 480 anistri.

231 546 456 637 imprudenter
474 547 621 614 retulisse
636 545 840 613 mentiuntur
855 546 913 636 (1).
932 548 1055 637 lnjurid
1077 552 1184 618 ceteri
1200 573 1276 621 eum

231 671 390 760 Polydoro
409 671 545 759 Virgilio
560 670 662 736 multa
674 669 893 738 inverecunde
909 672 1110 762 subripuisse
1124 674 1271 766 fingunt,

143 815 145 820 ·
231 815 331 883 quum
345 796 415 885 ipse
432 795 555 861 crimen
571 791 768 862 illudtrihus
780 793 888 862 verbis
902 796 1095 888 1111111112).

274 921 425 986 Erasmus
442 919 513 1008 ipse
538 916 626 985 dolet
641 937 675 984 se
696 937 785 984 nunc
807 918 911 987 nimio
926 919 1035 988 studio
1049 921 1171 1007 extolli,
1186 943 1277 990 nunc

229 1041 414 1111 immodicis
427 1042 543 1110 lacessi
562 1041 757 1110 inimicitiis.
780 1043 897 1110 «Sunt
914 1045 1004 1112 enim
1028 1045 1085 1134 qui
1107 1045 1189 1112 mihi
1204 1047 1277 1137 plus

232 1166 335 1233 nimio
355 1166 516 1253 tribuant,
552 1165 608 1255 qui
632 1186 684 1233 me
708 1168 889 1234 Varronem
917 1168 1022 1236 nostri
1050 1169 1205 1258 temporis
1229 1169 1278 1236 i·

231 1289 363 1356 ciunt...
384 1293 424 1357 111
442 1302 518 1357 suut
539 1310 650 1358 rursus
665 1288 722 1379 qui
738 1289 819 1356 mihi
841 1290 925 1358 nihil
942 1312 1010 1358 non
1031 1291 1192 1360 adimunt.
1210 1294 1277 1362 lllis

231 1413 315 1481 nihil
326 1414 450 1499 nescio,
461 1414 514 1481 his
527 1413 611 1481 nihil
623 1414 760 1482 omnino
772 1413 853 1483 scio.
871 1439 889 1480 1
904 1416 1010 1505 Atque
1023 1416 1102 1482 alias
1119 1440 1127 1482 ι
1147 1440 1164 1478 «
1176 1417 1276 1505 Equi-

230 1539 305 1608 dem
322 1539 410 1608 haud
424 1561 512 1631 pono
526 1561 636 1607 meum
653 1560 774 1608 nomen
793 1539 829 1606 in
850 1540 1052 1609 eruditorum
1067 1540 1153 1608 albo.
1170 1565 1187 1604 11
1202 1541 1286 1618 ldeo

230 1686 264 1733 se
281 1675 380 1755 negat
397 1686 471 1733 cum
489 1663 742 1754 incomparahih
756 1663 876 1733 Budaeo
894 1665 1076 1755 comparari
1090 1680 1206 1754 posse3
1222 1664 1277 1752 qui

227 1790 329 1881 igitur
341 1789 466 1858 Erasmi
477 1789 661 1879 Budaeique
676 1790 813 1858 nomina
825 1790 1011 1878 conserunt,
1029 1791 1103 1860 illos
1117 1790 1278 1879 pictorum

228 1914 294 1983 ritu
309 1934 420 2003 agere,
439 1913 495 2004 qui
514 1938 532 1977 a
547 1912 681 1982 umbras
702 1912 823 1982 tabulis
841 1914 960 1984 addere
982 1915 1149 2001 dicuntur,
1171 1914 1200 1982 si
1215 1933 1280 2003 qua

230 2039 330 2107 velint
344 2039 509 2128 insignius
521 2039 677 2108 eminere.
688 2043 729 2109 Et
741 2050 900 2109 matronae
909 2041 1056 2130 quaedam
1069 2039 1205 2118 callida,
1214 2059 1278 2128 quo

228 2165 334 2253 magis
346 2163 576 2232 commendent
589 2164 690 2232 oculis
700 2163 901 2233 intuentium
910 2165 1050 2233 formam
1064 2184 1156 2233 suam
1169 2183 1278 2253 perse

228 2287 396 2378 egregiam
415 2287 624 2378 pedissequas
647 2309 763 2377 pamm
781 2288 940 2358 formosas
960 2310 1071 2358 secum
1089 2288 1278 2357 (1111111111-

227 2423 314 2481 rant.
330 2436 348 2477 »

225 2719 381 2793 praeditum
390 2717 489 2788 luisse,
501 2727 535 2773 ut
544 2733 673 2774 errorem
682 2715 876 2791 appendicis«
888 2716 951 2774 sine
962 2717 1278 2791 argumentonulloqne

225 2818 355 2878 auctore,
369 2827 384 2860 1
398 2808 448 2863 sed
463 2815 581 2862 tantum
601 2806 777 2863 collectanea
794 2803 904 2878 legens,
918 2804 1030 2877 primus
1049 2805 1234 2878 presenserit
1245 2817 1279 2861 ac

225 2899 303 2954 velut
322 2895 546 2954 denuntiaverit.
569 2895 711 2952 «1111111
730 2893 851 2968 adagio,
871 2894 978 2968 inquit,
1001 2903 1080 2952 recte
1098 2893 1210 2950 dictum
1237 2892 1278 2952 sit

224 3003 325 3057 necne,
340 2987 509 3043 Plutarchus
530 2983 772 3041 commentarium
784 2983 913 3056 scripsit,
934 2984 1055 3041 simodo
1071 2999 1129 3039 nou
1141 2983 1216 3040 fallit
1230 2983 1277 3040 in·

224 3075 354 3148 scriptio.
368 3076 438 3130 Nam
452 3089 543 3145 quum
561 3082 752 3146 verteremus,
767 3071 880 3147 phrasis
896 3071 960 3145 ipsa
973 3071 1104 3128 nonnihil
1116 3072 1274 3128 reclamare

225 3164 311 3222 titulo
322 3163 484 3222 videbatur.
501 3181 516 3216 1

262 3253 297 3326 (1)
314 3271 329 3305 u
344 3253 441 3322 Neque
453 3264 500 3305 me
515 3249 591 3323 fugit
600 3248 630 3306 id
642 3249 740 3322 operis
752 3247 868 3307 zenobii
882 3246 1000 3306 nomine
1013 3246 1205 3305 circumferri.
1220 3247 1274 3304 111-

224 3359 290 3399 rum
315 3341 452 3413 quoniam
479 3338 592 3399 invenio
606 3339 740 3411 quedam
767 3338 845 3410 apud
866 3335 1068 3409 Aristophanis
1086 3335 1276 3407 interpretem

225 3430 360 3489 Zenodoti
372 3431 447 3504 ejus,
464 3430 515 3505 qui
530 3428 682 3502 Didymum
696 3443 730 3484 ac
741 3427 912 3484 Tarrhoeum
925 3426 956 3482 in
970 3423 1175 3499 compendium
1190 3423 1276 3480 rede·

225 3519 301 3595 gerit
311 3519 428 3576 nomine
437 3519 540 3588 relata,
552 3532 618 3591 quas
628 3517 665 3574 ad
675 3517 797 3574 verbum
805 3514 835 3571 in
848 3515 936 3588 hujus
945 3512 1162 3572 commentariis
1172 3512 1276 3584 legim-

227 3619 286 3678 tnr,
309 3607 394 3665 velim
408 3606 480 3662 mihi
495 3606 569 3664 citra
598 3605 731 3660 fraudem
749 3618 823 3672 esse,
840 3603 918 3674 quod
939 3601 964 3659 is
986 3616 1169 3675 quocumque
1188 3597 1278 3656 luerit

226 3696 342 3754 nomine
351 3695 430 3770 (quid
438 3695 516 3752 enim
524 3694 636 3766 relert‘l)
648 3692 680 3748 in
688 3692 838 3765 hocopere
846 3691 984 3748 Zenodoti
995 3690 1082 3746 titulo
1093 3688 1275 3745 inducetur.»

263 3787 299 3860 (2)
314 3786 387 3852 Quid
402 3801 495 3842 causae
513 3793 558 3842 est
569 3801 622 3841 eur
634 3782 690 3857 ipsi
707 3797 766 3839 uon
781 3782 934 3840 credamus
947 3778 1106 3849 Desiderio,
1119 3771 1275 3835 affirmanti

227 3891 257 3933 se
273 3889 355 3930 anon
370 3872 502 3947 Polydori
511 3872 640 3946 vestigiis
651 3871 829 3946 ingressum
840 3869 948 3926 librum
959 3884 1045 3926 sunm
1057 3882 1148 3924 annos
1163 3865 1276 3938 aliquot

228 3960 351 4019 edidisse
372 3961 541 4034 prinsquam
555 3959 688 4034 Polydori
706 3973 813 4016 nomen
824 3956 961 4018 noverit?
975 3957 1085 4023 »Quod
1097 3955 1216 4028 quidem
1227 3966 1278 4010 ue·

222 4048 288 4107 scio
301 4065 338 4106 an
352 4050 491 4123 Polydoro
504 4048 593 4107 luerit
605 4047 814 4125 gratissimum·
