2992 4904
222 439 241 495 2
578 433 623 489 DE
642 430 775 488 sulcus
794 430 927 495 Enlsut.

266 559 312 625 Ne
336 565 448 624 tamen
473 556 623 624 intanta
648 576 783 646 operum
808 556 964 626 varietate
991 556 1195 647 dispicienda
1214 561 1275 630 ali·

223 681 354 771 quando
372 681 572 764 oberremus,
591 681 649 750 uni
668 679 766 750 modo
788 681 936 751 animum
955 683 1160 753 attendemus
1174 685 1271 774 libro,

223 807 280 898 qui
294 809 390 878 laude
412 809 570 878 unanima
589 816 621 876 et
642 807 735 897 quasi
748 810 897 900 populari
916 811 1004 880 sarna
1018 833 1119 901 usquc
1133 810 1175 881 ad
1187 811 1273 881 hanc

200 930 203 936 ’
224 929 311 1000 diem
335 932 454 1024 viguit,
476 931 628 1002 videlicet
648 931 808 1002 Desiderii
825 936 952 1004 Erasmi
972 935 1120 1026 Adagiis.

742 1182 755 1250 l

422 1391 493 1456 Qud
512 1406 615 1447 mente
632 1396 783 1447 Erasmus
798 1395 924 1463 Mngln
939 1399 1076 1464 scrip-lt·

268 1565 454 1636 Desiderius
463 1568 630 1654 Erasmus,
640 1565 709 1655 jam
722 1575 879 1655 vergente
892 1566 1134 1655 quintodecimo
1143 1568 1272 1656 saeculo,

225 1714 325 1783 quum
347 1692 446 1761 totius
461 1695 598 1782 Europae
621 1701 737 1781 gentes
753 1690 940 1760 incredibili
962 1693 1101 1782 quodam
1117 1716 1275 1765 novarum

223 1838 334 1886 rerum
357 1815 465 1885 studio
491 1815 760 1903 incenderentur,
784 1815 849 1884 sibi
869 1837 990 1884 munus
1017 1819 1171 1908 suscepit,
1189 1821 1276 1910 quod

225 1953 353 2030 tempus
375 1939 522 2029 quietum
548 1960 775 2028 summumque
801 1938 903 2008 otium
928 1939 1092 2028 postulare
1113 1941 1272 2010 videatur.

224 2068 354 2138 Scilicet
367 2066 486 2156 adagia
503 2075 647 2135 veterum
664 2065 824 2155 collegit:
852 2064 940 2156 quod
961 2087 1055 2156 opus,
1082 2067 1144 2134 etsi
1168 2088 1274 2157 neque

223 2190 371 2272 materia,
395 2210 501 2280 neque
517 2188 611 2257 titulo
626 2188 754 2275 animos
769 2186 981 2256 vehementer
997 2188 1124 2256 allicere
1146 2188 1271 2278 debuit,

226 2314 545 2383 nihilominustantd
559 2311 775 2381 admiratione
792 2297 957 2403 acceptum
977 2323 1026 2381 est
1048 2327 1084 2381 ut
1107 2314 1274 2384 nobilissi-

226 2457 316 2505 mum
337 2437 425 2504 inter
449 2436 568 2504 eximia
583 2435 739 2527 temporis
757 2436 827 2526 ejus
848 2456 947 2526 opera
961 2435 1069 2504 locum
1083 2436 1273 2507 obtinuerit.

271 2560 474 2630 sinautem
493 2560 625 2628 fortuna
640 2559 778 2648 metiris,
799 2559 982 2628 absolutum
996 2561 1087 2628 omni
1100 2571 1190 2651 parte
1208 2583 1277 2630 cre·

228 2685 285 2755 das
302 2707 383 2776 opus
401 2711 409 2752 :
430 2686 516 2774 quod
537 2707 690 2754 excusum
704 2685 758 2754 vix
774 2696 806 2753 et
822 2685 989 2772 emissum,
1014 2707 1147 2753 necesse
1162 2687 1224 2756 luit
1240 2697 1276 2757 ut

226 2811 346 2879 iterum
360 2810 556 2902 typographi
573 2811 756 2900 iterumque
770 2811 869 2901 praelo
885 2811 1095 2901 subjicerent.

274 2939 382 3027 Neque
407 2937 496 3004 enim
512 2938 617 3006 solum
640 2936 675 3004 in
699 2935 819 3004 Aldina
843 2945 898 3004 aut
919 2934 1125 3005 Frobeniana
1148 2934 1280 3004 officina

231 3081 311 3149 opus
328 3060 494 3129 multoties
510 3059 647 3148 editum,
666 3058 724 3128 sed
746 3058 788 3128 ab
810 3062 945 3128 Erasmo
967 3059 1145 3150 saepissime
1161 3070 1279 3128 retrac-

230 3192 345 3262 tatum,
367 3203 498 3251 necnon
519 3183 560 3250 ab
580 3183 652 3251 aliis
668 3180 821 3270 subinde,
846 3182 904 3271 qui
927 3180 985 3251 vel
1000 3181 1275 3273 locupletandum,

229 3310 282 3378 vel
307 3308 349 3377 ad
369 3309 556 3401 compendii
578 3310 717 3380 sormam
741 3274 972 3398 redigendum,
989 3308 1040 3376 vel
1060 3308 1094 3374 in
1111 3306 1279 3398 vulgarem

231 3433 380 3523 linguam
392 3434 656 3504 transferendum
669 3446 875 3506 curaverunt.
893 3435 1049 3516 Quocirca
1064 3442 1164 3521 negat
1174 3431 1281 3522 philo·

232 3559 328 3647 logus
359 3567 471 3625 noster
492 3579 526 3626 se
553 3556 763 3650 Adoqt'orum
786 3557 948 3627 editiones
974 3577 1146 3626 numerare
1170 3576 1279 3645 posse,

235 3703 314 3766 uuas
331 3691 437 3749 tamen
456 3705 557 3773 usque
574 3682 615 3751 ad
627 3682 1022 3774 undequinquagesimam
1035 3681 1210 3750 recensuit.

277 3807 436 3873 Praeterea
451 3805 570 3874 mirum
591 3815 640 3873 est
655 3817 734 3896 quot
748 3805 837 3894 libri,
852 3805 1063 3895 sequentibus
1079 3803 1217 3890 saeculis,
1239 3800 1281 3870 ad

234 3925 453 3995 imitationem
476 3925 686 4018 Adcpc‘orum
718 3926 891 4018 compositi
905 3926 1038 3994 suerint.
1072 3924 1164 3992 Multi
1183 3924 1281 3993 etiam

236 4065 384 4124 auctores
400 4054 523 4145 aliquid
539 4054 704 4125 invenisse
725 4055 789 4125 sibi
811 4051 982 4146 plaudunt,
1008 4074 1088 4143 quos
1112 4050 1282 4120 manilest'e
