2992 4904
575 442 618 497 nn
638 439 772 497 rorans
791 442 927 515 aursni.
1241 449 1272 501 n

234 583 318 653 sape
336 563 544 654 mythologie
567 575 599 632 et
620 564 800 654 priscorum
821 575 1004 654 temporum
1026 565 1170 653 fabulas,
1191 587 1275 656 sape

233 687 392 754 clarorum
405 687 549 755 virorum
567 709 619 754 res
632 697 739 777 gestas
756 696 788 752 et
803 687 938 754 nomina
955 687 1105 775 fideliter,
1120 698 1156 756 ut
1172 687 1273 780 depo·

233 806 343 889 situm,
358 818 464 876 servat
476 820 509 877 et
523 809 659 899 posteris
672 807 781 876 tradit.

275 929 353 997 Inde
369 931 577 999 manifestum
593 941 641 997 est
654 929 775 1020 duplici
795 927 892 996 modo
908 928 1053 997 bistoriae
1067 930 1183 1020 adagia
1198 954 1274 1022 pro·

233 1053 336 1123 desse.
364 1056 536 1144 Reliquum
559 1066 669 1123 temen
693 1064 742 1123 est
765 1065 801 1123 ut
824 1076 927 1145 pauca
951 1056 1117 1145 utriusque
1143 1057 1275 1145 generis

232 1181 377 1269 exempla
397 1181 598 1271 proferamus
623 1203 659 1248 ac
682 1181 825 1272 primum
847 1180 1059 1270 inspiciamus
1083 1190 1152 1249 tum
1177 1202 1272 1270 qnam

232 1304 296 1367 acri
318 1303 448 1391 ingenii
467 1303 631 1391 acumine,
649 1314 717 1372 turn
734 1314 856 1393 quanta
871 1303 1004 1371 veritate
1021 1305 1145 1393 seipsos
1162 1304 1275 1393 populi

230 1423 357 1512 antiqui
375 1435 487 1494 mutuo
502 1426 742 1517 descripserint.
764 1427 959 1516 Colophonis
975 1448 1082 1494 mores
1096 1426 1272 1515 delineare,

230 1545 372 1614 collectis
384 1548 505 1637 aliquot
518 1548 656 1638 adagiis,
669 1549 858 1617 facillimum
873 1559 941 1617 est:
957 1551 1043 1618 inter
1050 1555 1175 1620 Graecos
1184 1550 1273 1616 enim

229 1673 331 1762 vulgo
343 1672 408 1741 dici
421 1675 566 1743 solebat:

302 1865 465 1922 -Ἐπέθηκεν
479 1871 619 1936 Κολοφῶνα,

228 2058 328 2126 quum
355 2039 548 2128 Colophonii
579 2060 637 2107 seu
663 2038 832 2107 navalibus
859 2059 917 2106 seu
942 2037 1145 2127 equestribus
1169 2036 1270 2127 copiis

229 2175 351 2233 ceteras
373 2177 489 2256 gentes
507 2177 696 2256 superarent
715 2176 746 2233 et
769 2165 938 2234 victoriam
952 2165 994 2232 iis
1009 2165 1155 2255 partibus
1177 2164 1271 2231 affer-

227 2294 302 2352 rent
318 2308 377 2376 pro
394 2286 511 2375 quibus
524 2298 608 2354 stare
621 2287 851 2354 decrevissent.
868 2288 930 2354 Per
945 2285 1099 2373 adagium
1111 2290 1269 2374 Κολοφωνία

224 2411 310 2490 ψῆφος
323 2409 432 2476 videre
457 2421 505 2477 est
526 2432 582 2478 eos
607 2411 859 2501 praerogativum
879 2408 999 2477 habere
1021 2409 1212 2497 suffragium
1231 2408 1267 2475 in

225 2531 404 2601 Panionico
418 2545 582 2603 conventu
589 2562 598 2622 3
620 2535 677 2602 sed
695 2535 731 2602 in
747 2535 842 2602 rebus
859 2543 926 2600 tam
941 2533 1105 2624 prosperis
1124 2553 1192 2599 non
1207 2554 1268 2622 po·

225 2666 358 2725 tnerunt
367 2659 447 2748 quin
463 2661 670 2750 superbirent
689 2660 771 2728 etin
793 2661 931 2727 nimiam
946 2659 1137 2727 efferrentur
1153 2669 1268 2728 contu·

224 2782 374 2870 maclam,
391 2785 478 2873 quod
494 2795 628 2852 testatur
639 2784 870 2874 proverbium:
1052 2786 1054 2790 '

260 2977 379 3050 -Ὕὸρις
393 2981 433 3033 καὶ
444 2983 574 3053 Μάγνητας
582 2983 691 3034 ἀπώλεσε
699 2962 745 3034 *xci
760 2988 900 3052 Κολοφῶνα.

232 3218 237 3224 ,
266 3155 349 3223 Aliis
370 3166 402 3224 et
420 3157 639 3227 locutionibus
663 3181 786 3226 aarum
812 3157 1124 3249 Colophonium;-
1139 3158 1262 3227 calceo-

221 3289 371 3347 mcntum
400 3277 657 3370 Colophonium,
686 3282 772 3373 apud
798 3292 923 3368 veteres
950 3284 1107 3352 celebrari
1133 3305 1262 3373 compe-

221 3405 344 3491 rimus3
370 3403 487 3495 quibus
503 3384 713 3475 ex'omnibus
733 3418 866 3497 apparet
886 3408 1102 3498 Colophonius
1123 3411 1263 3477 maxime

222 3529 391 3618 opulentes
406 3540 438 3596 et
453 3540 643 3618 arrogantes
659 3531 738 3599 olim
753 3517 926 3600 exstitisse.

263 3655 362 3723 Multa
377 3675 454 3724 vero
470 3653 587 3744 adagio
602 3667 724 3725 astutos
741 3669 773 3724 et
787 3658 961 3726 mendaces
981 3659 1118 3749 populos
1135 3658 1262 3728 indica·

223 3778 304 3851 bant
320 3804 329 3846 ι

255 3960 330 4016 -¹0
341 3962 407 4035 Κρὴς
420 3964 458 4015 τὸν
472 3968 565 4036 Κρῆτα,
580 3963 609 4020 id
619 3974 663 4021 est
673 3964 815 4023 Cretensis
828 3967 993 4023 Cretensem
1007 3973 1154 4038 provocat,

255 4090 289 4103 -
301 4061 362 4133 apt<
371 4067 456 4133 Κρῆτα
465 4063 555 4135 κρητίζε
560 4084 588 4127 ιν,
