2992 4904
573 425 617 480 DE
635 424 769 480 nolens
786 424 921 482 Euasul.
1238 428 1270 484 11

227 556 287 634 ret,
306 557 375 615 tum
390 549 554 638 praeterire
574 549 704 618 silentio
721 550 773 619 vel
788 550 939 641 antiquos
960 551 1134 641 scriptores
1151 554 1203 622 vel
1219 575 1271 621 re·

227 669 388 738 centiores
399 671 643 754 aspernaremur
657 693 676 738 a
688 672 806 762 quibus
821 673 946 763 aliquid
966 674 1140 755 furaretur,
1165 686 1201 744 ut
1216 676 1272 766 qui

227 813 339 861 eorum
355 794 483 863 laudem
495 796 559 864 sihi
570 817 721 886 arrogare
733 807 876 886 cuperet.
894 800 960 866 Hos
977 797 1108 887 quidem
1126 820 1194 866 non
1211 821 1272 889 pu·

227 917 298 986 duit
313 921 521 990 acerbissima
537 922 574 989 in
589 921 788 990 Desiderium
807 921 928 1012 probra
954 945 1156 1011 coacervare,
1188 925 1273 993 nihil

228 1063 296 1110 non
309 1042 345 1110 in
367 1045 437 1133 ejus
459 1045 543 1114 libro
564 1045 725 1115 invidiose
753 1067 883 1136 carpere
911 1056 943 1113 et
960 1050 997 1113 eo
1018 1047 1180 1115 infensius
1197 1068 1272 1115 eum

226 1167 382 1234 lacessere
393 1189 456 1257 quo
468 1169 654 1258 praeclarius
671 1170 843 1260 ingenium
859 1171 896 1238 in
911 1170 1084 1238 condendo
1105 1192 1201 1260 opere
1217 1193 1268 1240 os-

227 1291 397 1361 tendisset.
421 1297 572 1362 Erasmus
584 1295 668 1385 ipse,
686 1294 746 1363 suh
763 1294 880 1385 adagio
899 1295 984 1385 quod
996 1292 1165 1361 herculeus
1182 1294 1274 1363 labor

228 1416 425 1507 inscriptum
438 1428 499 1507 est,
518 1440 585 1487 non
597 1419 703 1509 potuit
718 1418 798 1508 quin
811 1417 916 1486 obiter
926 1417 1080 1486 inimicos
1095 1417 1168 1486 illos
1179 1426 1273 1485 nota·

228 1548 278 1606 ret
289 1549 319 1606 et
334 1562 437 1630 pauca
449 1541 488 1609 de
504 1540 635 1631 incepto
648 1541 703 1610 illo
717 1539 851 1609 adderet
870 1538 1069 1630 «quodnihil
1083 1539 1175 1607 affert
1188 1538 1274 1607 fruc-

228 1673 280 1731 tus
296 1675 414 1754 praeter
426 1665 663 1754 aliquantulum
676 1665 783 1752 lamae,
812 1664 990 1755 plurimhm
1008 1663 1154 1731 invidiae.
1171 1689 1188 1727 n
1203 1663 1273 1730 Au-

227 1785 353 1856 diamus
370 1791 491 1878 quanta
509 1789 662 1858 miseram
678 1799 801 1858 sortem
817 1808 910 1856 suam
925 1788 1035 1878 lugeat
1052 1786 1270 1854 vehementia.

231 1935 248 1974 «
263 1892 391 1980 Indocti
403 1915 589 2003 negligunt,
608 1912 779 1982 semidocti
792 1912 913 1993 rident,
932 1911 1030 1991 docti,
1043 1912 1070 1979 si
1080 1931 1200 2000 paucos
1217 1930 1274 1977 ex-

227 2037 364 2128 ceperis,
381 2039 561 2129 praeoipuos
578 2039 710 2130 quidem
723 2038 809 2125 illos,
841 2036 898 2105 sed
923 2044 1033 2103 tamen
1048 2055 1181 2124 pauooS,
1198 2054 1274 2124 par·

144 2245 145 2249 ¹
226 2162 286 2229 tim
295 2162 458 2252 invident,
472 2166 592 2255 partim
601 2164 762 2232 morosius
779 2172 928 2253 carpunt.
942 2185 960 2226 »

270 2287 429 2376 Equidem
447 2289 558 2357 animo
576 2309 650 2357 meo
665 2289 777 2379 procul
800 2287 888 2355 absit
899 2283 1099 2377 jampridem
1120 2282 1275 2373 profliga-

226 2418 296 2478 tum
308 2421 341 2477 et
355 2412 496 2501 sopitum
506 2412 628 2480 bellum
640 2433 751 2481 rursus
761 2432 905 2498 movere,
924 2429 1079 2497 reumque
1095 2417 1128 2474 et
1143 2426 1275 2474 aecusa-

226 2542 312 2601 tores
322 2533 363 2601 ad
376 2533 567 2603 discendam
595 2555 726 2605 causam
741 2555 875 2603 evocare
904 2532 996 2623 quasi
1013 2529 1175 2620 judicium
1189 2528 1274 2596 ferre

225 2659 544 2749 controversiamque
573 2659 671 2729 istam
694 2659 845 2728 dirimere
856 2677 967 2726 meum
985 2655 1038 2723 sit.
1060 2657 1103 2721 De
1127 2652 1179 2720 his
1194 2651 1274 2720 viris

219 2780 346 2868 jamdiu
359 2785 586 2874 pronuntiavit
600 2805 691 2874 aequa
705 2782 891 2875 posteritas,
917 2780 1037 2871 quippe
1061 2797 1133 2867 quae
1146 2768 1273 2844 Erasmi

129 2893 134 2899 ’
223 2902 340 2994 adagia
351 2930 409 2997 per
421 2918 583 2978 trecentos
595 2930 701 2978 annos
725 2905 937 2976 celebraverit
955 2914 987 2972 et
1001 2904 1037 2970 in
1051 2901 1206 2969 manibus
1218 2899 1273 2967 ha-

222 3023 331 3095 huerit
345 3030 486 3100 assidue.
510 3033 595 3127 Satis
612 3032 655 3101 sit
666 3031 836 3100 ostendere
852 3050 951 3120 quam
970 3046 1065 3094 vanae
1077 3024 1269 3116 plerumque

223 3149 345 3220 fuerint
372 3165 404 3222 et
419 3158 651 3251 commentitia
669 3178 715 3226 eae
728 3155 986 3225 criminationes.

267 3278 390 3367 an‘urid
406 3280 496 3347 enim
519 3281 670 3350 Schottus
684 3283 854 3350 Erasmum
864 3277 1029 3348 Plutarchi
1045 3277 1107 3344 suh
1133 3273 1270 3343 nomine

224 3402 414 3472 Vaticanam
435 3407 650 3496 appendicem
662 3416 784 3476 temere
799 3405 1007 3497 inscripsisse
1028 3399 1200 3470 contendit
1214 3397 1269 3487 (l).

224 3529 347 3618 injurie
362 3525 418 3597 alii
437 3504 584 3623 cumpro
610 3532 752 3603 Zenobio
776 3530 1058 3624 parumiographo
1070 3524 1271 3596 Zenodotum

259 3781 296 3856 (l)
309 3783 351 3838 Cf.
364 3783 395 3839 in
406 3783 523 3857 Adagiis
535 3801 543 3842 z
555 3782 576 3838 'a
588 3786 724 3843 Refertur
736 3783 870 3858 adagium
883 3782 953 3841 illud
965 3779 995 3838 in
1008 3777 1190 3838 collectaneis
1208 3792 1274 3850 quaa

223 3869 367 3926 Plutarchi
378 3871 514 3928 feruntur
526 3871 623 3929 titulo.
636 3892 651 3927 n
665 3872 742 3929 Alias
755 3890 763 3930 ι
779 3872 974 3928 «Plutarchus
986 3870 1015 3925 in
1025 3862 1274 3940 Adagiorumcol·

221 3956 370 4027 lectaneis,
381 3957 404 4013 si
415 3961 501 4018 modo
513 3974 573 4015 non
584 3959 660 4017 fallit
671 3958 785 4031 titulus,
795 3959 886 4017 tradit
892 3959 946 4016 hoc
956 3956 1155 4030 proverbium.
1165 3953 1274 4011 »Miror

222 4046 372 4103 Erasmum
392 4057 494 4105 contra
507 4056 588 4104 tanto
598 4064 699 4122 graecae
708 4049 859 4123 elegantia
869 4065 902 4106 ac
910 4047 1069 4108 venustatis
1078 4043 1160 4119 quasi
1170 4057 1274 4117 sapore
