2992 4904
575 437 619 493 Ill]
637 438 770 494 abacus
786 436 920 492 Eltaslll.
1236 443 1270 498 13

233 644 234 648 Ἰ
267 563 336 644 Qua
351 570 459 628 mente
475 562 627 628 Erasmus
645 558 762 648 adagia
775 556 927 647 colligere
943 579 1117 648 aggressus
1133 560 1188 647 sit,
1203 582 1270 628 non

222 688 301 754 satis
311 685 510 753 intellexisse
527 683 611 752 mihi
627 683 779 752 videntur
797 705 903 773 neque
915 683 964 752 illi
985 685 1041 773 qui
1061 684 1182 753 librum
1197 685 1268 754 lau-

222 811 317 882 dibus
333 812 529 898 extulerunt,
551 811 640 879 velut
659 810 891 902 compendium
917 811 1048 901 aliquod
1067 812 1166 880 totius
1183 813 1270 880 anti-

222 938 354 1027 quitatis
373 947 405 1005 et
428 936 702 1027 perfectissimum
717 935 912 1004 eruditionis
929 946 1191 1023 monumentum,
1211 957 1270 1004 ne-

222 1082 284 1151 que
296 1061 321 1128 ii
332 1082 447 1128 rursus
457 1061 513 1149 qui
525 1058 662 1131 mendas
677 1049 804 1127 tantum
820 1068 1032 1148 aucupantes,
1050 1058 1135 1127 nihil
1149 1081 1218 1128 non
1230 1058 1270 1127 de

221 1186 346 1255 Erasmi
361 1207 457 1275 opere
471 1183 638 1253 detrahere
655 1183 802 1273 aggressi
814 1192 902 1251 sunt.
913 1185 1071 1273 Namque,
1086 1194 1122 1252 ut
1133 1183 1205 1253 fieri
1217 1206 1270 1254 so-

221 1310 277 1397 let,
297 1309 560 1400 quotiescumque
570 1307 696 1398 judicia
712 1317 823 1375 nostra
844 1328 883 1374 ex
909 1328 1018 1390 amore
1043 1307 1271 1377 velodionas-

102 1491 103 1496 ,
222 1446 351 1522 cuntur,
377 1435 542 1504 sententia
567 1445 702 1524 utraque
728 1433 862 1502 modum
885 1433 1022 1501 excedit.
1048 1435 1174 1515 Quanta
1195 1435 1271 1503 huic

221 1562 311 1651 operi
323 1560 497 1647 inhaereret
514 1561 698 1648 difficultas,
714 1559 852 1649 maligni
864 1559 996 1649 quidam
1010 1558 1162 1629 homines
1179 1561 1272 1630 obliti

221 1697 309 1756 sunt.
329 1690 432 1776 AEquo
448 1696 556 1754 autem
566 1687 676 1755 animo
690 1685 927 1754 aestimantibus
944 1685 1084 1775 aliquam
1098 1697 1131 1754 et
1142 1687 1272 1776 ingenii

221 1818 253 1876 et
267 1810 342 1878 vitae
354 1811 480 1878 Erasini
495 1811 656 1878 rationem
671 1809 858 1878 habendam
875 1831 945 1879 esse
962 1832 1094 1880 censeo.
1113 1812 1271 1881 Omnibus

221 1933 311 2000 enim
328 1934 513 2024 quicunque
528 1933 624 2024 hujus
640 1934 748 2025 operis
764 1934 814 2003 vel
825 1934 979 2024 benigni,
997 1936 1047 2003 vel
1062 1936 1169 2025 iniqui
1179 1935 1269 2024 judi·

221 2077 274 2124 ces
303 2058 473 2145 exstitere,
502 2079 588 2128 unus
610 2056 761 2148 idemque
785 2057 847 2127 fuit
869 2079 971 2125 error.
1001 2060 1141 2139 Quorum
1163 2060 1272 2128 nullus

137 2269 138 2272 Ἴ
221 2207 289 2254 non
301 2188 521 2256 eruditionem
532 2188 569 2254 in
584 2186 647 2256 hoc
663 2208 760 2278 opere
771 2197 827 2256 aut
841 2188 977 2257 miratus
991 2199 1052 2275 est,
1071 2199 1126 2256 aut
1142 2188 1271 2258 deside-

220 2313 314 2379 ravit.
346 2313 427 2380 Mihi
446 2334 523 2382 vero
546 2313 664 2403 adagia
690 2312 872 2402 impensius
893 2312 1018 2402 legenti
1050 2333 1177 2402 equum
1201 2335 1272 2382 esse

220 2436 326 2504 risum
353 2447 401 2505 est
429 2459 496 2505 non
518 2421 644 2506 tamea
665 2437 707 2507 ad
727 2436 930 2506 cruditorum
947 2438 1086 2506 calculos
1108 2437 1270 2527 redigere,

220 2580 317 2648 quam
333 2581 475 2649 quaerere
487 2570 595 2629 utrum
605 2583 644 2630 ex
655 2562 753 2649 libro,
767 2583 953 2652 quanquam
965 2563 1053 2630 vitiis
1069 2561 1270 2649 abundante,

222 2684 344 2775 aliquid
363 2686 510 2754 utilitatis
521 2697 617 2776 atque
631 2686 787 2756 doctrinae
799 2687 835 2754 in
851 2688 1018 2777 publicum
1030 2687 1169 2754 venerit.
1233 2671 1235 2675 Α

265 2810 510 2878 Meminerimus
537 2810 626 2880 aliud
649 2833 719 2880 esse
742 2810 831 2881 docti
860 2812 923 2880 riri
949 2811 1110 2881 studentis
1134 2832 1269 2896 munus,

222 2911 310 3001 aliud
321 2933 480 3004 docentis.
495 2936 530 3004 Si
542 2936 614 3026 quis
628 2937 718 3005 enim
732 2958 830 3027 quam
850 2937 1027 3035 maximam
1040 2959 1148 3005 rerum
1166 2936 1273 3004 soien-

222 3054 305 3122 tiam
323 3057 480 3146 consequi
503 3058 667 3128 inanimo
687 3057 853 3147 habuerit,
872 3059 975 3128 mulla
994 3055 1271 3150 comprehendere

221 3180 371 3248 invenire
380 3183 493 3270 multa,
502 3184 819 3274 multaqueinventis
829 3185 1034 3254 incrementa
1043 3187 1158 3255 afferre
1171 3210 1271 3257 cona·
1305 3163 1308 3168 ι

223 3304 328 3394 bitur⁸¹
336 3306 393 3372 Sin
405 3315 513 3374 autem
525 3308 784 3379 adolescentibus
797 3309 962 3380 doctrinas
979 3322 1010 3378 et
1025 3311 1229 3402 disciplinas,
1239 3326 1272 3382 et

223 3430 407 3518 gratissima
426 3430 567 3522 denique
587 3433 800 3506 humanitatis
820 3437 930 3506 studia
949 3436 1076 3504 tradere
1094 3458 1271 3526 aggressus

222 3553 332 3635 fuerit,
351 3555 482 3624 accedat
498 3557 786 3631 scientiaenecesse
806 3573 855 3632 est
868 3584 920 3631 ars
933 3560 1080 3652 quaedam
1096 3583 1193 3649 nova,
1208 3566 1271 3653 qud

222 3678 361 3765 possint,
380 3701 451 3769 qua
466 3681 568 3748 multo
589 3682 706 3751 sudore
722 3695 835 3774 parata
853 3693 943 3770 sunt,
960 3683 1087 3751 facilins
1104 3695 1136 3751 et
1158 3705 1271 3774 accep-

223 3799 288 3867 tius
302 3803 478 3870 enuntiari.
495 3802 611 3872 Videat
625 3804 784 3893 igiturne
804 3806 908 3874 nimid
924 3805 1063 3895 quddam
1079 3806 1223 3874 siccitate
1240 3818 1271 3875 et

219 3927 392 4016 jejunitate
414 3928 591 4020 discipulos
608 3928 801 4002 ediscendo
824 3933 997 4001 deterreat.
1016 3933 1139 4001 Habeat
1158 3943 1271 4001 contra

145 4050 147 4054 ’
224 4053 321 4120 velim
339 4054 477 4124 solutum
497 4053 666 4146 quiddam,
685 4077 791 4148 neque
815 4057 942 4127 dubitet
961 4059 1107 4128 scientiae
1119 4059 1271 4128 nonnihil
