2992 4904
570 415 613 479 bn
631 413 767 470 abactis
785 413 918 470 naastss.
1236 417 1273 475 25

222 538 378 611 orationis
388 539 541 609 omnibus
552 537 825 628 acceptissimum.
838 534 928 605 Unde
939 535 1027 604 inter
1038 535 1122 604 setes
1134 547 1167 604 et
1178 537 1271 627 Joeos

221 663 395 758 proverbia
404 662 578 732 habentur.

266 790 331 858 Nee
349 787 439 857 satis.
464 789 681 876 Praeterquam
703 785 792 853 enim
816 781 904 875 quod
923 784 1133 876 proverbium
1153 785 1269 854 callido

223 912 339 981 sensds
353 920 385 978 et
399 909 579 1000 figurarum
592 928 654 977 usu
669 907 816 976 animum
828 907 941 996 allicit,
954 929 1049 978 aures
1061 930 1189 1000 quoque
1205 909 1271 978 sol-

223 1033 338 1115 licitat,
367 1032 522 1103 adhibitis
547 1033 692 1101 numeris
719 1033 837 1123 quibus
862 1035 1027 1102 sententia
1056 1034 1273 1125 adstringitur

225 1179 310 1251 quae,
336 1168 372 1228 ut
395 1158 544 1229 omnium
569 1158 726 1226 memoria
753 1167 914 1246 teneatur,
948 1159 1110 1250 ejusmodi
1132 1161 1272 1229 formam

225 1281 388 1351 desiderat
404 1304 502 1373 quam
514 1282 648 1351 brevem
664 1283 762 1351 simui
774 1293 807 1351 et
819 1285 1095 1353 sonantemfaaile
1110 1285 1271 1377 recipiant

129 1475 133 1481 ,
225 1405 376 1476 homines
396 1408 495 1476 etiam
514 1407 605 1476 omni
621 1417 688 1476 arte
711 1418 743 1475 et
758 1409 847 1478 cultu
862 1407 1022 1480 destituti.
1046 1409 1154 1480 Verba
1170 1410 1273 1500 igitur

226 1534 343 1625 quibus
356 1535 548 1627 exprimitur
562 1534 784 1626 proverbium,
802 1537 950 1627 quamvis
962 1559 1078 1628 panea,
1100 1536 1146 1604 sie
1161 1546 1271 1605 tamen

226 1669 397 1728 struuntur
413 1660 542 1750 sapius,
558 1670 594 1728 ut
610 1660 765 1728 membris
779 1660 905 1730 dnobus
918 1661 1119 1749 dividantur,
1135 1681 1273 1752 quorum

226 1785 415 1875 inutraque
431 1784 581 1853 similiter
593 1786 735 1855 clausula
751 1785 890 1855 desinat.

262 1975 298 1988 -
311 1944 364 2002 Ubi
375 1946 444 2016 mel,
454 1946 495 2003 ibi
508 1947 558 2005 fel.

261 2077 298 2087 -
310 2043 364 2101 Ubi
375 2046 459 2117 uber,
470 2044 511 2101 ibi
521 2046 617 2102 tuber.

227 2180 311 2262 Quin
321 2180 426 2251 valeat
441 2180 482 2248 ad
494 2181 700 2250 delectandas
714 2203 808 2250 aures
820 2181 1063 2272 juvandamque
1081 2181 1273 2252 memoriam

226 2304 283 2372 illa
292 2306 506 2374 consonantia
516 2307 723 2398 perspicuum
734 2317 794 2375 est.
802 2307 910 2395 Neque
920 2304 1086 2395 sapientes
1096 2306 1272 2396 indignum

226 2424 309 2495 illud
319 2426 481 2496 duxerunt
495 2429 583 2520 quod
591 2429 656 2520 ipsi
671 2430 876 2499 adhiberent.

262 2614 299 2627 -
307 2585 401 2656 Ἀνίχου
411 2586 452 2640 καὶ
463 2589 563 2657 ἀπέχου.

272 2721 491 2804 Προσονομασίαν
504 2713 688 2801 elegantem
704 2713 853 2803 agnoseit
865 2713 1063 2782 Erasmusin
1073 2713 1135 2782 hoe
1152 2737 1160 2779 ε

261 2876 298 2890 -
307 2848 442 2920 Μορήσιταί
454 2867 488 2908 τις
505 2850 593 2918 μᾶλλον
603 2847 618 2904 ἣ
629 2847 764 2918 μιμήσεται

227 2998 261 3080 et
277 2997 473 3077 ὁμοιοτίλευτον
486 2989 522 3056 in
538 2987 600 3058 hoc
616 3014 623 3056 τ

262 3161 298 3173 -
307 3129 374 3186 Μήτι
390 3129 456 3187 δίκην
477 3129 584 3201 δικάσῃς,
596 3129 650 3203 πρὶν
665 3131 752 3202 ἀμφοῖν
766 3135 837 3202 μῦθον
852 3132 963 3200 ἀκούσῃς.

729 3433 770 3499 111

523 3691 573 3740 ne
598 3691 790 3755 armam
810 3689 957 3740 narrante.

220 3972 223 3976 .
272 3907 399 3989 Quidin
409 3906 602 3998 colligendis
613 3906 739 4010 adagiis
751 3906 815 3976 sibi
829 3906 1035 3998 proposuerit
1050 3909 1203 3975 Erasmus
1216 3904 1272 4018 in

227 4034 402 4124 telligitur3
415 4056 454 4103 ex
462 4034 517 4102 illa
527 4032 616 4101 enim
625 4052 751 4100 summa
761 4031 961 4120 diversitate,
969 4053 1007 4100 ex
1019 4030 1075 4098 illa
1086 4050 1186 4120 quum
1195 4029 1271 4098 lati.-
