<?xml version="1.0" encoding="UTF-8"?>
<!DOCTYPE html PUBLIC "-//W3C//DTD XHTML 1.0 Transitional//EN"
    "http://www.w3.org/TR/xhtml1/DTD/xhtml1-transitional.dtd">
<html xmlns="http://www.w3.org/1999/xhtml" xml:lang="en" lang="en">
 <head>
  <title>
</title>
<meta http-equiv="Content-Type" content="text/html;charset=utf-8" />
  <meta name='ocr-system' content='tesseract 3.04.00' />
  <meta name='ocr-capabilities' content='ocr_page ocr_carea ocr_par ocr_line ocrx_word'/>
</head>
<body>
  <div class='ocr_page' id='page_1' title='image "./deadagiisderasm00chasgoog_0055.png"; bbox 0 0 2992 4904; ppageno 0'>
   <div class='ocr_carea' id='block_1_1' title="bbox 318 608 1011 674">
    <p class='ocr_par' dir='ltr' id='par_1_1' title="bbox 318 608 1011 674">
     <span class='ocr_line' id='line_1_1' title="bbox 318 608 1011 674; baseline -0.009 0"><span class='ocrx_word' id='word_1_1' title='bbox 318 617 353 674; x_wconf 71' lang='lat' dir='ltr'>ts</span> <span class='ocrx_word' id='word_1_2' title='bbox 665 611 709 669; x_wconf 78' lang='lat' dir='ltr'>llll</span> <span class='ocrx_word' id='word_1_3' title='bbox 725 608 859 669; x_wconf 75' lang='lat' dir='ltr'>abactis</span> <span class='ocrx_word' id='word_1_4' title='bbox 876 609 1011 668; x_wconf 69' lang='lat' dir='ltr'>marsal.</span> 
     </span>
    </p>
   </div>
   <div class='ocr_carea' id='block_1_2' title="bbox 352 728 1356 810">
    <p class='ocr_par' dir='ltr' id='par_1_2' title="bbox 352 728 1356 810">
     <span class='ocr_line' id='line_1_2' title="bbox 352 728 1356 810; baseline -0.005 -19"><span class='ocrx_word' id='word_1_5' title='bbox 352 741 462 810; x_wconf 69' lang='lat' dir='ltr'>-xpa‘u</span> <span class='ocrx_word' id='word_1_6' title='bbox 478 737 536 809; x_wconf 75' lang='grc' dir='ltr'>πρὸς</span> <span class='ocrx_word' id='word_1_7' title='bbox 552 735 685 808; x_wconf 69' lang='lat' dir='ltr'>atpvatla,</span> <span class='ocrx_word' id='word_1_8' title='bbox 704 749 763 809; x_wconf 87' lang='lat' dir='ltr'>quo</span> <span class='ocrx_word' id='word_1_9' title='bbox 784 732 939 808; x_wconf 83' lang='lat' dir='ltr'>proverbio</span> <span class='ocrx_word' id='word_1_10' title='bbox 959 733 1032 791; x_wconf 84' lang='lat' dir='ltr'>duas</span> <span class='ocrx_word' id='word_1_11' title='bbox 1054 737 1153 805; x_wconf 77' lang='lat' dir='ltr'>gentes</span> <span class='ocrx_word' id='word_1_12' title='bbox 1171 728 1256 787; x_wconf 89' lang='lat' dir='ltr'>simul</span> <span class='ocrx_word' id='word_1_13' title='bbox 1275 729 1356 788; x_wconf 89' lang='lat' dir='ltr'>attici</span> 
     </span>
    </p>
   </div>
   <div class='ocr_carea' id='block_1_3' title="bbox 316 834 701 1004">
    <p class='ocr_par' dir='ltr' id='par_1_3' title="bbox 316 834 701 1004">
     <span class='ocr_line' id='line_1_3' title="bbox 316 834 502 892; baseline 0 -2"><span class='ocrx_word' id='word_1_14' title='bbox 316 834 502 892; x_wconf 79' lang='lat' dir='ltr'><strong>lacessebant.</strong></span> 
     </span>
     <span class='ocr_line' id='line_1_4' title="bbox 350 930 701 1004; baseline -0.011 -18"><span class='ocrx_word' id='word_1_15' title='bbox 350 931 425 986; x_wconf 76' lang='grc' dir='ltr'>-Ὀ</span> <span class='ocrx_word' id='word_1_16' title='bbox 438 936 503 1004; x_wconf 75' lang='grc' dir='ltr'>Κρῆς</span> <span class='ocrx_word' id='word_1_17' title='bbox 513 931 556 988; x_wconf 67' lang='grc' dir='ltr'>τὴν</span> <span class='ocrx_word' id='word_1_18' title='bbox 570 930 701 993; x_wconf 77' lang='grc' dir='ltr'><strong>θάλασσαν,</strong></span> 
     </span>
    </p>
   </div>
   <div class='ocr_carea' id='block_1_4' title="bbox 312 1098 1357 1317">
    <p class='ocr_par' dir='ltr' id='par_1_4' title="bbox 312 1098 1357 1317">
     <span class='ocr_line' id='line_1_5' title="bbox 314 1098 1357 1194; baseline -0.006 -22"><span class='ocrx_word' id='word_1_19' title='bbox 314 1101 400 1193; x_wconf 87' lang='lat' dir='ltr'>quod</span> <span class='ocrx_word' id='word_1_20' title='bbox 414 1125 473 1194; x_wconf 88' lang='lat' dir='ltr'>per</span> <span class='ocrx_word' id='word_1_21' title='bbox 488 1102 618 1193; x_wconf 83' lang='lat' dir='ltr'>ellipsin</span> <span class='ocrx_word' id='word_1_22' title='bbox 629 1101 770 1171; x_wconf 88' lang='lat' dir='ltr'>recisum</span> <span class='ocrx_word' id='word_1_23' title='bbox 784 1110 879 1192; x_wconf 85' lang='lat' dir='ltr'>atquc</span> <span class='ocrx_word' id='word_1_24' title='bbox 895 1099 1004 1169; x_wconf 75' lang='lat' dir='ltr'>ironia</span> <span class='ocrx_word' id='word_1_25' title='bbox 1020 1098 1140 1169; x_wconf 91' lang='lat' dir='ltr'>dictam</span> <span class='ocrx_word' id='word_1_26' title='bbox 1152 1099 1199 1168; x_wconf 92' lang='lat' dir='ltr'>ita</span> <span class='ocrx_word' id='word_1_27' title='bbox 1209 1098 1357 1191; x_wconf 89' lang='lat' dir='ltr'>supplere</span> 
     </span>
     <span class='ocr_line' id='line_1_6' title="bbox 312 1222 1287 1317; baseline -0.008 -21"><span class='ocrx_word' id='word_1_28' title='bbox 312 1226 440 1317; x_wconf 91' lang='lat' dir='ltr'>possis:</span> <span class='ocrx_word' id='word_1_29' title='bbox 461 1225 588 1313; x_wconf 81' lang='lat' dir='ltr'>«Finge</span> <span class='ocrx_word' id='word_1_30' title='bbox 604 1234 636 1292; x_wconf 89' lang='lat' dir='ltr'>tc</span> <span class='ocrx_word' id='word_1_31' title='bbox 652 1226 839 1295; x_wconf 79' lang='lat' dir='ltr'>Cretensem</span> <span class='ocrx_word' id='word_1_32' title='bbox 854 1245 907 1293; x_wconf 91' lang='lat' dir='ltr'>res</span> <span class='ocrx_word' id='word_1_33' title='bbox 926 1223 1104 1292; x_wconf 87' lang='lat' dir='ltr'>maritimas</span> <span class='ocrx_word' id='word_1_34' title='bbox 1121 1222 1287 1292; x_wconf 78' lang='lat' dir='ltr'>nescire.»</span> 
     </span>
    </p>
   </div>
   <div class='ocr_carea' id='block_1_5' title="bbox 357 1349 1311 1443">
    <p class='ocr_par' dir='ltr' id='par_1_5' title="bbox 357 1349 1311 1443">
     <span class='ocr_line' id='line_1_7' title="bbox 357 1349 1311 1443; baseline -0.005 -22"><span class='ocrx_word' id='word_1_35' title='bbox 357 1354 465 1443; x_wconf 88' lang='lat' dir='ltr'>Neque</span> <span class='ocrx_word' id='word_1_36' title='bbox 482 1349 522 1418; x_wconf 88' lang='lat' dir='ltr'>ab</span> <span class='ocrx_word' id='word_1_37' title='bbox 536 1350 697 1442; x_wconf 82' lang='lat' dir='ltr'>AEgyptiis</span> <span class='ocrx_word' id='word_1_38' title='bbox 713 1349 874 1420; x_wconf 77' lang='lat' dir='ltr'>abstinuit</span> <span class='ocrx_word' id='word_1_39' title='bbox 889 1349 1083 1440; x_wconf 87' lang='lat' dir='ltr'>adagiornm</span> <span class='ocrx_word' id='word_1_40' title='bbox 1096 1351 1284 1441; x_wconf 80' lang='lat' dir='ltr'>malignitas</span> <span class='ocrx_word' id='word_1_41' title='bbox 1303 1373 1311 1416; x_wconf 94' lang='lat'><strong>:</strong></span> 
     </span>
    </p>
   </div>
   <div class='ocr_carea' id='block_1_6' title="bbox 349 1525 879 1601">
    <p class='ocr_par' dir='ltr' id='par_1_6' title="bbox 349 1525 879 1601">
     <span class='ocr_line' id='line_1_8' title="bbox 349 1525 879 1601; baseline 0.004 -21"><span class='ocrx_word' id='word_1_42' title='bbox 349 1525 464 1581; x_wconf 80' lang='lat' dir='ltr'>-Aruel</span> <span class='ocrx_word' id='word_1_43' title='bbox 477 1529 569 1581; x_wconf 65' lang='grc' dir='ltr'>πλέκειν</span> <span class='ocrx_word' id='word_1_44' title='bbox 583 1525 611 1581; x_wconf 75' lang='lat' dir='ltr'>ll</span> <span class='ocrx_word' id='word_1_45' title='bbox 625 1527 735 1599; x_wconf 76' lang='grc' dir='ltr'><strong>μηχανάς</strong></span> <span class='ocrx_word' id='word_1_46' title='bbox 747 1527 879 1601; x_wconf 71' lang='lat' dir='ltr'>Alpinum.</span> 
     </span>
    </p>
   </div>
   <div class='ocr_carea' id='block_1_7' title="bbox 317 1679 1361 2024">
    <p class='ocr_par' dir='ltr' id='par_1_7' title="bbox 317 1679 1361 2024">
     <span class='ocr_line' id='line_1_9' title="bbox 317 1679 1361 1777; baseline -0.007 -24"><span class='ocrx_word' id='word_1_47' title='bbox 317 1685 369 1754; x_wconf 83' lang='lat' dir='ltr'>vel</span> <span class='ocrx_word' id='word_1_48' title='bbox 383 1682 578 1753; x_wconf 80' lang='lat' dir='ltr'>Cassioticus</span> <span class='ocrx_word' id='word_1_49' title='bbox 589 1682 695 1754; x_wconf 81' lang='lat' dir='ltr'>nodus</span> <span class='ocrx_word' id='word_1_50' title='bbox 705 1684 736 1777; x_wconf 87' lang='lat' dir='ltr'>(a</span> <span class='ocrx_word' id='word_1_51' title='bbox 748 1693 859 1755; x_wconf 85' lang='lat' dir='ltr'>monto</span> <span class='ocrx_word' id='word_1_52' title='bbox 874 1683 984 1754; x_wconf 82' lang='lat' dir='ltr'>Cassio</span> <span class='ocrx_word' id='word_1_53' title='bbox 995 1684 1032 1752; x_wconf 93' lang='lat' dir='ltr'>in</span> <span class='ocrx_word' id='word_1_54' title='bbox 1042 1681 1206 1774; x_wconf 75' lang='lat' dir='ltr'>AEgypto),</span> <span class='ocrx_word' id='word_1_55' title='bbox 1221 1679 1361 1751; x_wconf 88' lang='lat' dir='ltr'>celeber·</span> 
     </span>
     <span class='ocr_line' id='line_1_10' title="bbox 317 1805 1359 1899; baseline -0.001 -25"><span class='ocrx_word' id='word_1_56' title='bbox 317 1807 437 1876; x_wconf 87' lang='lat' dir='ltr'>rimam</span> <span class='ocrx_word' id='word_1_57' title='bbox 454 1809 540 1899; x_wconf 88' lang='lat' dir='ltr'>apud</span> <span class='ocrx_word' id='word_1_58' title='bbox 561 1819 686 1878; x_wconf 84' lang='lat' dir='ltr'>veteres</span> <span class='ocrx_word' id='word_1_59' title='bbox 710 1808 874 1899; x_wconf 78' lang='lat' dir='ltr'>adagium.</span> <span class='ocrx_word' id='word_1_60' title='bbox 892 1807 971 1877; x_wconf 88' lang='lat' dir='ltr'>lnde</span> <span class='ocrx_word' id='word_1_61' title='bbox 984 1815 1161 1899; x_wconf 64' lang='lat' dir='ltr'>etpomtaltao</span> <span class='ocrx_word' id='word_1_62' title='bbox 1177 1815 1210 1875; x_wconf 92' lang='lat' dir='ltr'>et</span> <span class='ocrx_word' id='word_1_63' title='bbox 1229 1805 1266 1874; x_wconf 92' lang='lat' dir='ltr'>in</span> <span class='ocrx_word' id='word_1_64' title='bbox 1286 1807 1359 1874; x_wconf 83' lang='lat' dir='ltr'>AEs-</span> 
     </span>
     <span class='ocr_line' id='line_1_11' title="bbox 319 1930 900 2024; baseline 0.003 -26"><span class='ocrx_word' id='word_1_65' title='bbox 319 1930 413 2021; x_wconf 75' lang='lat' dir='ltr'>chylo</span> <span class='ocrx_word' id='word_1_66' title='bbox 426 1941 459 2000; x_wconf 91' lang='lat' dir='ltr'>et</span> <span class='ocrx_word' id='word_1_67' title='bbox 474 1932 510 2001; x_wconf 91' lang='lat' dir='ltr'>in</span> <span class='ocrx_word' id='word_1_68' title='bbox 523 1931 693 2002; x_wconf 84' lang='lat' dir='ltr'>Theocrito</span> <span class='ocrx_word' id='word_1_69' title='bbox 709 1932 900 2024; x_wconf 88' lang='lat' dir='ltr'>reperimus.</span> 
     </span>
    </p>
   </div>
   <div class='ocr_carea' id='block_1_8' title="bbox 317 2123 1360 2342">
    <p class='ocr_par' dir='ltr' id='par_1_8' title="bbox 317 2123 1360 2342">
     <span class='ocr_line' id='line_1_12' title="bbox 362 2123 1360 2221; baseline 0.003 -27"><span class='ocrx_word' id='word_1_70' title='bbox 362 2125 510 2198; x_wconf 83' lang='lat' dir='ltr'>Severius</span> <span class='ocrx_word' id='word_1_71' title='bbox 528 2139 636 2198; x_wconf 89' lang='lat' dir='ltr'>autem</span> <span class='ocrx_word' id='word_1_72' title='bbox 653 2139 830 2221; x_wconf 87' lang='lat' dir='ltr'>carpuntur</span> <span class='ocrx_word' id='word_1_73' title='bbox 840 2129 952 2220; x_wconf 92' lang='lat' dir='ltr'>populi</span> <span class='ocrx_word' id='word_1_74' title='bbox 967 2127 1102 2218; x_wconf 72' lang='lat' dir='ltr'>divium,</span> <span class='ocrx_word' id='word_1_75' title='bbox 1116 2123 1238 2199; x_wconf 81' lang='lat' dir='ltr'>luxu&#39;et</span> <span class='ocrx_word' id='word_1_76' title='bbox 1247 2128 1360 2218; x_wconf 86' lang='lat' dir='ltr'>volup-</span> 
     </span>
     <span class='ocr_line' id='line_1_13' title="bbox 317 2249 593 2342; baseline 0.014 -25"><span class='ocrx_word' id='word_1_77' title='bbox 317 2249 438 2320; x_wconf 87' lang='lat' dir='ltr'>tatibus</span> <span class='ocrx_word' id='word_1_78' title='bbox 451 2251 571 2342; x_wconf 89' lang='lat' dir='ltr'>perditi</span> <span class='ocrx_word' id='word_1_79' title='bbox 585 2278 593 2321; x_wconf 90' lang='lat'>:</span> 
     </span>
    </p>
   </div>
   <div class='ocr_carea' id='block_1_9' title="bbox 352 2443 814 2519">
    <p class='ocr_par' dir='ltr' id='par_1_9' title="bbox 352 2443 814 2519">
     <span class='ocr_line' id='line_1_14' title="bbox 352 2443 814 2519; baseline 0.017 -23"><span class='ocrx_word' id='word_1_80' title='bbox 352 2474 388 2486; x_wconf 95' lang='lat'>-</span> <span class='ocrx_word' id='word_1_81' title='bbox 399 2443 532 2498; x_wconf 67' lang='grc' dir='ltr'>Ἁλαΰάνδα</span> <span class='ocrx_word' id='word_1_82' title='bbox 543 2451 629 2518; x_wconf 74' lang='grc' dir='ltr'><strong>Καρῶν</strong></span> <span class='ocrx_word' id='word_1_83' title='bbox 642 2446 814 2519; x_wconf 59' lang='lat' dir='ltr'>stupentes,</span> 
     </span>
    </p>
   </div>
   <div class='ocr_carea' id='block_1_10' title="bbox 316 2606 1452 2942">
    <p class='ocr_par' dir='ltr' id='par_1_10' title="bbox 316 2606 1452 2942">
     <span class='ocr_line' id='line_1_15' title="bbox 317 2606 1360 2697; baseline 0.005 -24"><span class='ocrx_word' id='word_1_84' title='bbox 317 2626 415 2697; x_wconf 86' lang='lat' dir='ltr'>quam</span> <span class='ocrx_word' id='word_1_85' title='bbox 426 2617 458 2674; x_wconf 91' lang='lat' dir='ltr'>ct</span> <span class='ocrx_word' id='word_1_86' title='bbox 471 2607 636 2677; x_wconf 82' lang='lat' dir='ltr'>luvenalis</span> <span class='ocrx_word' id='word_1_87' title='bbox 650 2617 821 2696; x_wconf 86' lang='lat' dir='ltr'>memorat,</span> <span class='ocrx_word' id='word_1_88' title='bbox 834 2607 922 2676; x_wconf 92' lang='lat' dir='ltr'>inter</span> <span class='ocrx_word' id='word_1_89' title='bbox 933 2607 1029 2677; x_wconf 90' lang='lat' dir='ltr'>nrbes</span> <span class='ocrx_word' id='word_1_90' title='bbox 1044 2606 1222 2678; x_wconf 87' lang='lat' dir='ltr'>barbaricis</span> <span class='ocrx_word' id='word_1_91' title='bbox 1236 2607 1360 2678; x_wconf 87' lang='lat' dir='ltr'>deliciis</span> 
     </span>
     <span class='ocr_line' id='line_1_16' title="bbox 317 2731 1452 2825; baseline 0.002 -26"><span class='ocrx_word' id='word_1_92' title='bbox 317 2731 588 2821; x_wconf 82' lang='lat' dir='ltr'>corruptissimus.</span> <span class='ocrx_word' id='word_1_93' title='bbox 621 2732 702 2802; x_wconf 89' lang='lat' dir='ltr'>Huic</span> <span class='ocrx_word' id='word_1_94' title='bbox 732 2733 907 2824; x_wconf 85' lang='lat' dir='ltr'>proverbio</span> <span class='ocrx_word' id='word_1_95' title='bbox 939 2733 1033 2825; x_wconf 90' lang='lat' dir='ltr'>plura</span> <span class='ocrx_word' id='word_1_96' title='bbox 1059 2734 1123 2802; x_wconf 91' lang='lat' dir='ltr'>alia</span> <span class='ocrx_word' id='word_1_97' title='bbox 1150 2731 1359 2824; x_wconf 86' lang='lat' dir='ltr'>adjungenda</span> <span class='ocrx_word' id='word_1_98' title='bbox 1449 2784 1452 2790; x_wconf 47' lang='lat'>&gt;</span> 
     </span>
     <span class='ocr_line' id='line_1_17' title="bbox 316 2855 539 2942; baseline 0.004 -20"><span class='ocrx_word' id='word_1_99' title='bbox 316 2861 405 2942; x_wconf 85' lang='lat' dir='ltr'>sunt,</span> <span class='ocrx_word' id='word_1_100' title='bbox 421 2855 511 2923; x_wconf 83' lang='lat' dir='ltr'>velut</span> <span class='ocrx_word' id='word_1_101' title='bbox 531 2879 539 2923; x_wconf 91' lang='lat'><strong>:</strong></span> 
     </span>
    </p>
   </div>
   <div class='ocr_carea' id='block_1_11' title="bbox 351 3032 664 3108">
    <p class='ocr_par' dir='ltr' id='par_1_11' title="bbox 351 3032 664 3108">
     <span class='ocr_line' id='line_1_18' title="bbox 351 3032 664 3108; baseline 0.013 -20"><span class='ocrx_word' id='word_1_102' title='bbox 351 3062 384 3076; x_wconf 89' lang='lat'><em>-</em></span> <span class='ocrx_word' id='word_1_103' title='bbox 394 3032 535 3106; x_wconf 67' lang='grc' dir='ltr'>Συὸαρῑτική</span> <span class='ocrx_word' id='word_1_104' title='bbox 548 3036 664 3108; x_wconf 76' lang='grc' dir='ltr'>τράπεζα.</span> 
     </span>
    </p>
   </div>
   <div class='ocr_carea' id='block_1_12' title="bbox 315 3192 1359 3535">
    <p class='ocr_par' dir='ltr' id='par_1_12' title="bbox 315 3192 1359 3535">
     <span class='ocr_line' id='line_1_19' title="bbox 316 3192 1359 3288; baseline 0.004 -26"><span class='ocrx_word' id='word_1_105' title='bbox 316 3192 394 3262; x_wconf 86' lang='lat' dir='ltr'>inde</span> <span class='ocrx_word' id='word_1_106' title='bbox 407 3194 618 3285; x_wconf 77' lang='lat' dir='ltr'>sybarissare‚</span> <span class='ocrx_word' id='word_1_107' title='bbox 638 3195 674 3265; x_wconf 91' lang='lat' dir='ltr'>id</span> <span class='ocrx_word' id='word_1_108' title='bbox 694 3206 755 3277; x_wconf 90' lang='lat' dir='ltr'>est,</span> <span class='ocrx_word' id='word_1_109' title='bbox 775 3197 909 3288; x_wconf 88' lang='lat' dir='ltr'>opipare</span> <span class='ocrx_word' id='word_1_110' title='bbox 924 3198 1032 3267; x_wconf 72' lang='lat' dir='ltr'>mucre</span> <span class='ocrx_word' id='word_1_111' title='bbox 1047 3197 1170 3267; x_wconf 89' lang='lat' dir='ltr'>dictum</span> <span class='ocrx_word' id='word_1_112' title='bbox 1183 3209 1248 3284; x_wconf 83' lang='lat' dir='ltr'>est3</span> <span class='ocrx_word' id='word_1_113' title='bbox 1265 3197 1325 3268; x_wconf 84' lang='lat' dir='ltr'>eti</span> <span class='ocrx_word' id='word_1_114' title='bbox 1343 3235 1359 3250; x_wconf 93' lang='lat'><strong>·</strong></span> 
     </span>
     <span class='ocr_line' id='line_1_20' title="bbox 316 3317 1359 3414; baseline 0.007 -29"><span class='ocrx_word' id='word_1_115' title='bbox 316 3337 407 3386; x_wconf 90' lang='lat' dir='ltr'>mosa</span> <span class='ocrx_word' id='word_1_116' title='bbox 435 3328 504 3386; x_wconf 86' lang='lat' dir='ltr'>erut</span> <span class='ocrx_word' id='word_1_117' title='bbox 524 3317 610 3409; x_wconf 88' lang='lat' dir='ltr'>apud</span> <span class='ocrx_word' id='word_1_118' title='bbox 624 3329 749 3388; x_wconf 84' lang='lat' dir='ltr'>veteres</span> <span class='ocrx_word' id='word_1_119' title='bbox 765 3318 1102 3410; x_wconf 69' lang='lat' dir='ltr'>sybaritico&#39;scltutia</span> <span class='ocrx_word' id='word_1_120' title='bbox 1119 3342 1249 3392; x_wconf 93' lang='lat' dir='ltr'>necnon</span> <span class='ocrx_word' id='word_1_121' title='bbox 1263 3321 1359 3414; x_wconf 79' lang='lat' dir='ltr'>syba·</span> 
     </span>
     <span class='ocr_line' id='line_1_21' title="bbox 315 3440 1180 3535; baseline 0.005 -24"><span class='ocrx_word' id='word_1_122' title='bbox 315 3440 405 3512; x_wconf 66' lang='lat' dir='ltr'>citici</span> <span class='ocrx_word' id='word_1_123' title='bbox 419 3441 533 3532; x_wconf 78' lang='lat' dir='ltr'>libelli,</span> <span class='ocrx_word' id='word_1_124' title='bbox 549 3443 734 3535; x_wconf 68' lang='lat' dir='ltr'>sybaritlcae</span> <span class='ocrx_word' id='word_1_125' title='bbox 748 3444 884 3535; x_wconf 65' lang='lat' dir='ltr'>subula</span> <span class='ocrx_word' id='word_1_126' title='bbox 903 3444 1039 3535; x_wconf 35' lang='lat' dir='ltr'>solebat,</span> <span class='ocrx_word' id='word_1_127' title='bbox 1048 3455 1080 3516; x_wconf 87' lang='lat' dir='ltr'>et</span> <span class='ocrx_word' id='word_1_128' title='bbox 1094 3445 1180 3516; x_wconf 85' lang='lat' dir='ltr'>dici:</span> 
     </span>
    </p>
   </div>
   <div class='ocr_carea' id='block_1_13' title="bbox 352 3637 719 3715">
    <p class='ocr_par' dir='ltr' id='par_1_13' title="bbox 352 3637 719 3715">
     <span class='ocr_line' id='line_1_22' title="bbox 352 3637 719 3715; baseline 0.008 -21"><span class='ocrx_word' id='word_1_129' title='bbox 352 3668 388 3683; x_wconf 92' lang='lat'><em>-</em></span> <span class='ocrx_word' id='word_1_130' title='bbox 396 3638 525 3715; x_wconf 65' lang='grc' dir='ltr'>ἲυθαρὶτης</span> <span class='ocrx_word' id='word_1_131' title='bbox 539 3637 582 3696; x_wconf 73' lang='grc' dir='ltr'>διὰ</span> <span class='ocrx_word' id='word_1_132' title='bbox 593 3641 719 3708; x_wconf 69' lang='lat' dir='ltr'>alumine,</span> 
     </span>
    </p>
   </div>
   <div class='ocr_carea' id='block_1_14' title="bbox 317 3815 1361 4264">
    <p class='ocr_par' dir='ltr' id='par_1_14' title="bbox 317 3815 1361 4264">
     <span class='ocr_line' id='line_1_23' title="bbox 317 3815 1361 3917; baseline 0.011 -32"><span class='ocrx_word' id='word_1_133' title='bbox 317 3815 354 3885; x_wconf 89' lang='lat' dir='ltr'>in</span> <span class='ocrx_word' id='word_1_134' title='bbox 368 3818 456 3888; x_wconf 84' lang='lat' dir='ltr'>viros</span> <span class='ocrx_word' id='word_1_135' title='bbox 467 3841 525 3910; x_wconf 90' lang='lat' dir='ltr'>per</span> <span class='ocrx_word' id='word_1_136' title='bbox 537 3820 606 3890; x_wconf 83' lang='lat' dir='ltr'>vias</span> <span class='ocrx_word' id='word_1_137' title='bbox 624 3822 797 3914; x_wconf 88' lang='lat' dir='ltr'>magnifice</span> <span class='ocrx_word' id='word_1_138' title='bbox 807 3823 1009 3894; x_wconf 89' lang='lat' dir='ltr'>incedentes.</span> <span class='ocrx_word' id='word_1_139' title='bbox 1026 3824 1170 3917; x_wconf 85' lang='lat' dir='ltr'>Denique</span> <span class='ocrx_word' id='word_1_140' title='bbox 1182 3824 1220 3894; x_wconf 92' lang='lat' dir='ltr'>in</span> <span class='ocrx_word' id='word_1_141' title='bbox 1234 3835 1361 3897; x_wconf 85' lang='lat' dir='ltr'>tantum</span> 
     </span>
     <span class='ocr_line' id='line_1_24' title="bbox 317 3938 1361 4042; baseline 0.011 -34"><span class='ocrx_word' id='word_1_142' title='bbox 317 3938 412 4011; x_wconf 77' lang='lat' dir='ltr'>luxus</span> <span class='ocrx_word' id='word_1_143' title='bbox 427 3952 459 4010; x_wconf 90' lang='lat' dir='ltr'>et</span> <span class='ocrx_word' id='word_1_144' title='bbox 470 3946 664 4034; x_wconf 76' lang='lat' dir='ltr'>arrogantie</span> <span class='ocrx_word' id='word_1_145' title='bbox 676 3947 834 4038; x_wconf 88' lang='lat' dir='ltr'>prooessit</span> <span class='ocrx_word' id='word_1_146' title='bbox 846 3946 978 4037; x_wconf 79' lang='lat' dir='ltr'>Sybaris</span> <span class='ocrx_word' id='word_1_147' title='bbox 991 3958 1027 4017; x_wconf 91' lang='lat' dir='ltr'>ut</span> <span class='ocrx_word' id='word_1_148' title='bbox 1037 3949 1127 4018; x_wconf 87' lang='lat' dir='ltr'>illam</span> <span class='ocrx_word' id='word_1_149' title='bbox 1140 3950 1361 4042; x_wconf 63' lang='lat' dir='ltr'>oppugnarint</span> 
     </span>
     <span class='ocr_line' id='line_1_25' title="bbox 318 4068 1360 4170; baseline 0.013 -35"><span class='ocrx_word' id='word_1_150' title='bbox 318 4075 351 4135; x_wconf 91' lang='lat' dir='ltr'>ct</span> <span class='ocrx_word' id='word_1_151' title='bbox 364 4068 539 4136; x_wconf 88' lang='lat' dir='ltr'>everterint</span> <span class='ocrx_word' id='word_1_152' title='bbox 548 4071 755 4142; x_wconf 83' lang='lat' dir='ltr'>Crotonialae.</span> <span class='ocrx_word' id='word_1_153' title='bbox 769 4071 860 4154; x_wconf 83' lang='lat' dir='ltr'>Quod</span> <span class='ocrx_word' id='word_1_154' title='bbox 871 4071 1044 4163; x_wconf 87' lang='lat' dir='ltr'>proverbio</span> <span class='ocrx_word' id='word_1_155' title='bbox 1059 4081 1224 4162; x_wconf 65' lang='lat' dir='ltr'>teleptensi</span> <span class='ocrx_word' id='word_1_156' title='bbox 1237 4085 1360 4170; x_wconf 71' lang='grc' dir='ltr'><strong>συμφορά</strong></span> 
     </span>
     <span class='ocr_line' id='line_1_26' title="bbox 320 4200 756 4264; baseline 0.018 -8"><span class='ocrx_word' id='word_1_157' title='bbox 320 4200 608 4260; x_wconf 90' lang='lat' dir='ltr'>commemoratum</span> <span class='ocrx_word' id='word_1_158' title='bbox 621 4203 681 4262; x_wconf 88' lang='lat' dir='ltr'>est.</span> <span class='ocrx_word' id='word_1_159' title='bbox 752 4255 756 4264; x_wconf 81' lang='grc'>,</span> 
     </span>
    </p>
   </div>
   <div class='ocr_carea' id='block_1_15' title="bbox 0 0 1500 4904">
    <p class='ocr_par' dir='ltr' id='par_1_15' title="bbox 0 0 1500 4904">
     <span class='ocr_line' id='line_1_27' title="bbox 0 0 1500 4904; baseline 0 0"><span class='ocrx_word' id='word_1_160' title='bbox 0 0 1500 4904; x_wconf 95' lang='lat' dir='ltr'> </span> 
     </span>
    </p>
   </div>
  </div>
 </body>
</html>
