2992 4904
280 460 299 514 4
630 459 673 514 DE
692 458 826 515 antuus
845 459 978 517 [lustu.

324 584 531 672 Quocumque
547 581 651 672 igitur
664 591 696 650 te
709 582 820 650 animo
834 583 885 650 vel
899 583 1098 673 cogitatione
1112 589 1323 672 converteris,

280 709 533 780 ostentationem
547 708 657 776 neseio
668 729 765 798 quam
778 709 1030 800 miraberis,qud
1044 711 1167 800 pariter
1176 712 1326 782 laborant

280 844 312 904 et
331 836 386 924 qui
401 832 502 900 medii
525 833 586 900 aevi
607 854 731 901 morem
747 833 892 902 retinent
904 844 936 902 et
950 835 1007 924 qui
1020 836 1137 904 litteris
1151 858 1325 906 renascen-

281 958 366 1026 tibus
379 958 501 1025 lavent.
518 957 591 1026 11100
608 958 697 1025 enim
713 958 770 1047 qui
786 957 946 1026 dialectici
958 957 1170 1046 vocabantur,
1189 960 1325 1029 obscura

276 1084 423 1175 quaedam
440 1082 622 1152 disserendi
635 1083 717 1152 ratio
726 1083 905 1152 delectabat
917 1093 1325 1176 etargumentorumpoene

278 1208 410 1277 infinita
425 1207 518 1296 copia
533 1205 723 1295 subtilisque
736 1216 768 1273 01
780 1207 870 1274 varia
882 1207 1100 1276 ratiocinandi
1116 1209 1265 1296 scientia,
1283 1209 1324 1277 ab

278 1333 504 1422 imperitorum
528 1314 748 1421 intelligentia
768 1353 930 1422 sensuque
946 1333 1045 1423 longe
1060 1332 1250 1402 abhorrens.
1267 1335 1324 1402 His

278 1479 354 1526 vero
369 1458 440 1546 jam
458 1455 586 1524 meliori
602 1454 709 1524 studio
726 1454 856 1543 deditis,
870 1457 1093 1546 gratissimum
1106 1458 1277 1527 videbatur
1293 1470 1325 1527 et

276 1583 368 1674 quasi
391 1580 657 1650 decentIssimum
677 1591 823 1650 veterum
843 1603 911 1650 non
929 1581 1030 1651 libros
1045 1593 1171 1651 tantum
1186 1605 1324 1674 pernos-

276 1730 348 1776 cere
365 1707 423 1775 sed
436 1717 468 1774 et
482 1727 588 1775 mores
600 1705 748 1793 induere,
763 1727 868 1796 neque
881 1706 1047 1776 scribendi
1063 1706 1256 1798 dicendique
1272 1730 1325 1777 so-

276 1839 357 1924 ldm,
376 1837 433 1906 sed
457 1838 555 1905 etiam
578 1837 729 1906 roenandi
742 1837 972 1907 modumfutili
987 1840 1124 1930 quadam
1141 1841 1324 1909 imitatione

275 1973 519 2054 representare.
539 1963 643 2043 Quum
664 1964 754 2030 enim
774 1964 866 2031 ltalia
882 1965 1126 2033 renascentium
1141 1965 1322 2034 litterarum

273 2087 515 2178 quintodecimo
532 2087 649 2155 saeeulo
661 2087 883 2178 principatum
899 2097 1038 2168 teneret,
1058 2099 1205 2157 veterum
1220 2088 1324 2158 haare-

274 2211 408 2278 ditatam
423 2207 486 2275 sibi
500 2208 592 2297 quasi
607 2207 806 2298 peculiarem
818 2207 1020 2296 vindicabat3
1035 2230 1140 2299 neque
1153 2209 1325 2279 videbatur

273 2353 368 2422 posse
385 2352 581 2420 quemquam
603 2352 673 2399 esse
694 2331 773 2399 alias
789 2331 991 2422 antiquitatis
1011 2333 1163 2422 peritum.
1178 2338 1246 2402 lmo
1264 2356 1322 2402 ne-

273 2454 395 2545 gabant
409 2475 528 2544 purum
543 2465 575 2522 01
588 2454 798 2523 emendatum
816 2453 988 2523 latinitatis
1004 2476 1099 2524 usum
1112 2456 1231 2525 nisiex
1246 2457 1320 2525 imi-

273 2576 373 2645 tando
386 2577 489 2645 Tullio
505 2576 678 2666 provenire
694 2597 802 2666 posse.
823 2578 892 2658 Quo
905 2577 1007 2667 igitur
1020 2578 1088 2646 risu
1104 2579 1322 2669 excipiebant,

274 2705 301 2772 si
318 2705 419 2792 quise
436 2702 627 2791 regionibus
643 2701 855 2771 descenderet
871 2702 1026 2792 Aquiloni
1041 2703 1209 2792 subjectis,
1224 2713 1260 2771 ut
1276 2703 1323 2771 ci-

187 2850 191 2867 «
273 2830 371 2895 vitate
400 2826 587 2913 donaretur,
620 2817 687 2895 imo
706 2839 744 2895 ut
760 2826 848 2894 inter
875 2826 1030 2916 patricios
1058 2827 1099 2916 lsi
1121 2827 1186 2896 diis
1208 2827 1324 2917 placet)

275 2953 524 3022 adscisceretur!

208 3158 213 3165 ῃ
318 3073 616 3144 Erasmusliberam
626 3073 667 3142 ab
679 3084 815 3164 utroque
821 3077 903 3166 jugo
912 3075 1070 3145 cervicem
1082 3075 1205 3162 ferens,
1217 3095 1322 3165 neque

214 3267 217 3271 .
276 3198 485 3266 scholasticos
502 3206 630 3266 secutus
642 3206 704 3276 est,
717 3218 822 3288 neque
839 3198 1062 3268 Ciceronianis
1085 3219 1203 3267 manus
1218 3196 1320 3266 dedit.

221 3339 226 3345 ·
275 3323 405 3391 Scilicet
420 3321 461 3389 ad
474 3321 599 3410 maJora
612 3319 759 3388 animum
775 3321 974 3410 attendebat,
997 3332 1028 3390 et
1049 3321 1128 3391 dum
1142 3321 1190 3388 illi
1204 3322 1324 3390 omissa

276 3448 458 3517 scholarum
485 3456 517 3514 et
536 3447 717 3536 juventutis
738 3468 825 3534 cura,
852 3469 910 3516 suo
939 3448 1076 3538 ingenio
1092 3447 1321 3536 indulgebant,

276 3576 346 3665 ipse
363 3585 488 3662 contra,
512 3593 579 3641 non
597 3573 798 3643 eruditorum
821 3574 1002 3642 curiositati
1024 3574 1131 3663 magis
1146 3595 1243 3664 quam
1265 3574 1323 3643 do-

277 3698 421 3766 centium
440 3695 573 3763 utilitati
589 3695 791 3782 consulebat,
809 3717 914 3786 neque
936 3695 1164 3765 reconditioris
1180 3698 1324 3766 scientia

279 3833 467 3913 apparatum
477 3822 657 3889 affectabat.
672 3820 885 3911 Antiquitatis
895 3821 1025 3911 linguas
1038 3820 1238 3911 litterasque,
1255 3842 1323 3889 non

275 3957 312 4012 ut
323 3956 467 4013 mortuas
482 3946 533 4012 vel
548 3966 585 4012 ex
600 3944 719 4013 abditis
729 3944 875 4012 fontibus
890 3943 1098 4032 hauriendas,
1117 3944 1175 4014 sed
1189 3946 1324 4015 11110111-

278 4070 368 4138 vivas
389 4070 570 4160 proposuit.
592 4071 695 4151 Quum
718 4070 817 4137 etiam
847 4091 917 4159 que
937 4070 1087 4160 jacerent
1111 4072 1146 4138 in
1174 4070 1321 4141 codicum
