2992 4904
364 413 400 467 rs
711 416 755 470 nn
775 400 907 473 nolens
924 418 1058 474 nnnsnr.

364 532 510 601 conferre
546 535 684 625 possint.
713 539 785 606 Jam
808 539 889 608 illud
919 541 1107 609 Hesiodium
1131 541 1403 610 meminerimus:

503 751 574 822 Φήμη
590 749 613 802 δ’
628 752 689 811 οὔτις
701 753 805 823 πάμπαν
819 754 959 818 duellum,
972 755 1052 812 ἥντινα
1066 755 1156 818 πολλοὶ,

503 839 563 892 Aeol
579 841 711 912 φημίξωσι,
722 843 771 902 θεός
784 844 809 894 νύ
822 863 856 902 τις
868 843 917 897 ἐστὶ
928 844 968 896 καὶ
980 845 1049 902 adt-lt.

362 1042 396 1110 Si
411 1044 482 1132 quis
497 1044 598 1132 igitur
612 1046 912 1136 paraemiographiae
924 1047 1078 1135 studebit,
1094 1069 1160 1116 non
1172 1047 1245 1116 ideo
1255 1046 1404 1116 videatur

360 1166 456 1235 nobis
472 1167 566 1235 inani
589 1169 674 1236 cirea
694 1191 789 1238 voces
809 1170 916 1240 studio
940 1181 1124 1262 occupatus.
1140 1175 1258 1242 Contra
1276 1170 1344 1259 ille,
1366 1172 1401 1239 in

359 1289 411 1358 his
425 1313 633 1383 quacumque
649 1294 931 1383 circumferuntur,
948 1296 1189 1388 deprehendere
1199 1296 1303 1386 possit
1316 1293 1402 1384 quod

360 1415 513 1484 datariis
538 1415 710 1485 hominnm
729 1417 796 1486 sive
811 1417 970 1508 ingeniis,
986 1419 1052 1487 sive
1076 1419 1220 1487 moribus
1236 1418 1315 1486 soit‘e
1334 1417 1402 1484 dio·

360 1546 429 1605 tum
441 1538 493 1605 sit.
511 1539 574 1606 Sed
590 1561 631 1606 ne
647 1539 739 1608 labor
754 1541 789 1608 in
806 1541 998 1632 colligendis
1010 1543 1137 1632 adagiis
1156 1543 1324 1630 impensus
1341 1563 1398 1632 pa·

357 1685 429 1731 rum
446 1663 594 1731 utilitatis
614 1664 666 1735 vel
689 1665 813 1734 auctori
827 1666 879 1734 vel
904 1667 1090 1757 legentibus
1106 1667 1229 1754 afferat,
1247 1686 1346 1755 sagax
1368 1676 1400 1732 et

355 1786 558 1854 considerata
574 1787 657 1855 ratio
669 1787 855 1856 adhibenda
867 1799 926 1856 est.

399 1917 437 1983 In
461 1915 639 2005 judicando
663 1915 789 1985 Erasmi
803 1916 888 1986 libro
911 1916 1124 2002 ostendimus,
1142 1919 1299 2006 quantum
1316 1916 1400 1985 tule-

355 2047 432 2106 mnt
450 2039 535 2108 vires
556 2049 687 2126 nostrae,
703 2039 740 2106 in
755 2039 817 2108 hoo
840 2049 945 2109 totum
971 2061 1052 2129 opus
1066 2040 1201 2109 deficere
1221 2040 1306 2130 quod
1321 2060 1399 2107 nns-

355 2184 451 2254 quam
471 2174 623 2254 appareat
639 2173 727 2231 certa
741 2164 838 2249 ratio,
856 2184 926 2253 quae
942 2173 1043 2232 totam
1061 2164 1229 2231 materiem
1245 2164 1396 2249 illustret,
1436 2214 1445 2241 ,

354 2297 387 2356 et
406 2308 494 2355 nuno
517 2288 552 2354 in
576 2286 749 2376 eligendiS,
776 2287 923 2355 nuncin
951 2287 1154 2374 ordinandis,
1171 2308 1261 2355 nuno
1286 2308 1397 2356 rursus

352 2413 387 2480 in
402 2411 600 2504 explicandis
615 2411 953 2513 adagiisdominetur.

397 2541 478 2607 llum
502 2559 580 2605 vero
608 2537 753 2627 ipsorum
780 2535 971 2626 adagiorum
1001 2546 1152 2604 naturam
1176 2545 1208 2602 et
1228 2535 1317 2604 varia
1338 2556 1395 2624 ge-

353 2683 433 2731 nera
453 2661 636 2730 discernere
658 2670 870 2749 tentaremus,
889 2662 959 2752 jam
981 2658 1058 2728 inde
1073 2658 1278 2727 manifestius
1295 2658 1394 2726 elleo-

352 2794 421 2852 tum
448 2794 509 2873 est,
531 2788 594 2874 qud
619 2784 780 2854 divisione
802 2783 851 2853 uti
874 2785 971 2852 liceat
990 2785 1028 2852 in
1049 2781 1276 2874 componenda
1291 2803 1395 2874 parm·

351 2908 567 3000 miographid.
1048 3002 1054 3009 ,

396 3033 456 3113 Qui
477 3032 578 3122 igitur
594 3033 711 3125 adagio
731 3037 883 3127 colligere
905 3030 1096 3118 decreverit,
1119 3029 1318 3120 exploratum
1338 3031 1394 3098 ha·

350 3153 437 3242 beat,
450 3154 557 3223 utrum
566 3154 710 3226 historiae
718 3178 761 3225 an
773 3156 931 3243 moribus,
942 3175 985 3222 an
997 3153 1137 3242 denique
1150 3151 1273 3242 linguae
1283 3174 1390 3222 auram

351 3278 512 3347 sustinere
527 3278 625 3348 velit:
642 3280 830 3348 meminerit
842 3279 961 3348 deinde
977 3277 1074 3344 aliam
1091 3297 1160 3345 esse
1175 3276 1390 3365 locutionum,

350 3404 447 3473 aliam
462 3405 645 3485 sententia,
663 3406 760 3473 aliam
776 3404 940 3496 proverbii
955 3417 1116 3472 naturam.

394 3529 454 3610 Qui
470 3538 578 3597 autem
597 3529 708 3597 omnia
727 3529 914 3598 catervatim
931 3528 1059 3617 adagio,
1083 3527 1210 3596 Erasmi
1228 3529 1387 3619 exemplo,

350 3673 550 3742 congregare
573 3653 663 3741 velit,
684 3652 738 3722 ille
766 3656 803 3720 ed
825 3652 956 3721 demum
977 3650 1165 3719 conditione
1187 3651 1389 3741 propositum

349 3777 449 3846 finem
469 3787 674 3868 assequatur,
700 3777 729 3846 si
754 3778 923 3845 materiam
942 3777 978 3843 in
999 3775 1130 3865 singula
1151 3776 1257 3864 capita
1278 3774 1389 3844 distri-

350 3902 458 3972 buerit
485 3914 518 3970 et
545 3902 684 3991 singulis
711 3901 892 3993 proverbiis
919 3900 1099 3970 sententias
1126 3910 1182 3969 aut
1208 3901 1388 3974 locutiones

350 4027 464 4098 eadem
480 4027 703 4118 significantes
719 4029 932 4118 subjunxerit.
