2992 4904
224 414 260 471 10
574 412 617 471 DE
634 414 772 472 autoris
788 415 924 473 andsiti.

224 534 409 625 probatum,
429 529 493 604 sibi
510 556 616 625 neque
634 535 801 628 probabile
818 559 902 626 csse,
918 559 1024 628 neque
1037 537 1136 606 etiam
1153 538 1288 608 tolera·

222 663 300 733 bile.
318 664 401 733 lllud
417 673 527 733 tamen
536 664 699 755 judicium
719 686 787 733 non
810 669 919 757 apert'e
938 666 1184 757 pronuntiarit3
1206 668 1271 738 mi-

225 789 307 858 reris
332 799 445 857 contra
472 811 569 879 quam
595 787 839 858 dissimulanter
864 793 1036 859 Erasmum
1065 791 1268 859 criminetur.

226 915 318 1008 Nunc
334 912 373 981 ad
390 934 465 982 eum
483 913 707 982 tantummodo
723 913 901 982 fastidiosis
914 913 1023 983 verbis
1040 914 1166 1002 alludit,
1183 936 1272 982 nunc

224 1037 429 1106 manifestius
447 1038 478 1105 ei
498 1037 675 1127 maledicit,
694 1059 794 1128 quum
812 1060 879 1107 non
901 1048 1028 1107 tantum
1045 1039 1081 1106 in
1102 1060 1196 1130 opus
1214 1036 1272 1107 sed

221 1159 321 1228 etiam
341 1161 376 1228 in
398 1160 562 1250 homines,
584 1183 690 1253 neque
704 1162 908 1252 argumentis
928 1162 1026 1230 modo
1043 1162 1101 1232 sed
1120 1175 1153 1232 et
1171 1163 1271 1231 minis

221 1285 402 1354 invehatur
415 1285 469 1376 (1).

267 1409 359 1491 Quod
374 1410 506 1500 quidem
520 1412 637 1480 Mureti
647 1413 831 1503 exemplum
843 1410 996 1502 permulti
1009 1410 1067 1478 alii
1077 1411 1181 1480 secuti
1191 1424 1269 1480 sunt

141 1524 155 1558 ’·
224 1543 257 1601 et
270 1534 305 1601 in
320 1533 431 1603 vivum
446 1538 616 1604 Erasmum
642 1535 783 1626 plurima
800 1535 950 1604 crimina
970 1535 1192 1625 ingesserunt,
1224 1536 1273 1603 di-

223 1668 333 1727 centes
350 1680 436 1746 eum,
455 1658 575 1727 tumde
591 1659 752 1728 industria
764 1680 970 1749 corrumpere
983 1658 1055 1728 loca
1067 1659 1274 1749 quaeproler-

260 1842 295 1916 (l)
311 1846 472 1913 Erasmum,
485 1843 599 1899 sublato
613 1842 742 1912 nomine,
751 1842 797 1899 his
810 1842 906 1902 verbis
918 1844 1122 1916 coloribusque
1132 1843 1274 1916 expressit

223 1933 351 1989 Muretus
377 1951 384 1989 :
410 1952 424 1987 u
450 1931 648 2004 Reperiuntur
668 1931 802 1988 nonnulli
825 1931 968 2002 homines,
983 1933 1119 2006 quidum
1138 1932 1225 1990 leceti
1242 1947 1276 1989 ec

223 2019 336 2077 dicaces
358 2020 449 2079 videri
469 2021 581 2091 volunt,
596 2020 706 2077 nullam
728 2021 801 2077 salse
821 2020 930 2094 aliquid
954 2021 1068 2078 dicendi
1095 2019 1275 2078 occasionem

224 2109 467 2180 praetermittunt,
488 2111 659 2182 maluntque
675 2125 751 2181 saepe
770 2109 896 2166 amicum
912 2124 1002 2182 quam
1017 2108 1130 2166 dictum
1141 2110 1275 2181 perdere,

224 2198 395 2270 faciliusque
415 2198 561 2254 flammam
580 2199 731 2254 ardentem
743 2197 773 2253 in
788 2213 838 2254 ore
850 2213 939 2270 quem
951 2196 1063 2253 dictum
1074 2195 1190 2268 aliquod
1206 2213 1275 2254 acu·

223 2289 332 2345 leatum
340 2286 558 2344 continerent.»
570 2289 638 2342 Eam
648 2286 823 2344 seutentiam
836 2288 964 2343 llluretus
977 2285 1087 2343 lloratii
1101 2285 1276 2344 auctoritate

224 2375 420 2434 commendari
432 2376 517 2433 docto
532 2375 614 2433 vultu
629 2391 683 2432 uos
696 2383 807 2446 monet,
827 2384 915 2448 atque
932 2376 1049 2431 Erasmo
1069 2375 1191 2432 subinde
1205 2375 1276 2433 illud

225 2464 327 2539 objicit
342 2482 349 2521 :
368 2465 490 2537 «Neque
502 2462 533 2518 in
545 2463 674 2536 privatos
692 2465 778 2519 modo
798 2472 885 2535 atque
900 2479 960 2520 suae
974 2462 1062 2519 sortis
1080 2462 1213 2520 homines
1226 2465 1277 2522 sed

224 2561 255 2609 et
273 2551 304 2607 in
318 2550 465 2623 principes
484 2549 675 2607 immoderata
695 2548 743 2605 illa
761 2550 950 2608 maledicendi
969 2550 1088 2607 libidine
1107 2551 1276 2623 abutantur,

224 2657 283 2698 non
295 2639 455 2712 cogitantes
467 2654 555 2710 quam
567 2639 690 2695 stultum
701 2638 741 2695 sit
752 2639 879 2697 seribere
896 2638 927 2695 in
942 2639 1055 2712 eosqui
1071 2648 1193 2712 possunt
1207 2656 1276 2713 pro-

226 2729 364 2786 scribere.
380 2748 395 2783 a
412 2730 506 2795 Quum
518 2742 587 2786 vero
603 2728 701 2798 addat,
720 2729 811 2787 veluti
824 2728 994 2798 vaticinans,
1009 2747 1024 2782 u
1037 2729 1195 2800 scriptores
1212 2729 1277 2786 illos

226 2834 361 2891 spargere
385 2833 468 2875 voces
491 2832 544 2889 per
568 2816 703 2889 jugulum
723 2815 887 2888 redituras,
906 2835 922 2870 a
947 2815 977 2871 in
995 2815 1148 2873 delationis
1166 2815 1277 2875 crimen

224 2906 333 2977 veniat,
345 2905 402 2962 nisi
416 2903 634 2962 meminerimus
647 2904 709 2977 jam
718 2903 778 2963 vita
785 2905 956 2962 defunctum
970 2919 1004 2960 eo
1015 2912 1145 2976 tempore
1159 2903 1276 2962 Deside-

224 2996 318 3066 rium3
334 2996 410 3051 unde
422 2993 452 3050 in
464 3009 498 3050 eo
513 2994 665 3050 lacerando
677 3002 707 3051 et
718 2992 815 3049 minus
824 3001 887 3050 erat
899 2993 1014 3050 invidia
1033 3002 1063 3049 et
1079 2993 1145 3066 plus
1158 3002 1275 3051 cratae·

226 3083 370 3143 caritatis.
387 3103 401 3136 c
418 3085 458 3139 Ac
485 3098 521 3139 ue
540 3080 650 3140 mortui
665 3081 784 3155 quidem
800 3081 885 3139 aliem
899 3083 1062 3140 mercedem
1076 3082 1175 3140 lerunt
1187 3096 1276 3155 quam

227 3182 261 3231 ut
281 3175 317 3231 de
332 3172 374 3230 eis
388 3171 502 3229 dicatur
516 3173 594 3243 quod
606 3173 642 3229 de
658 3171 777 3228 Tantalo
796 3170 969 3243 Euripides:

371 3293 515 3347 ἈκοἋαστον
526 3295 581 3363 legs
593 3300 711 3367 γλῶσσαν
725 3295 850 3364 αἰσχίστην
861 3295 937 3349 νόσον.

263 3419 407 3475 Hactenus
422 3417 590 3475 nominibus
602 3416 754 3491 pepercit;
768 3417 819 3474 sed
836 3417 912 3475 libro
930 3418 1064 3492 sequenti
1082 3424 1113 3476 et
1125 3419 1275 3474 Erasmm

227 3507 401 3565 nominatim
421 3507 497 3581 petit
507 3548 517 3578 ,
536 3514 567 3564 et
585 3506 763 3580 Adagiorum
772 3546 782 3576 ,
802 3515 838 3562 ut
855 3515 955 3578 vocat,
978 3506 1142 3581 congeriem
1156 3505 1276 3577 irridet,

227 3597 329 3653 rudem
349 3594 458 3651 scilicet
480 3593 711 3667 indigestamque
732 3595 850 3664 molem,
872 3595 999 3653 hominis
1020 3610 1093 3668 opus
1113 3595 1165 3669 qui
1182 3609 1276 3668 neque

227 3684 450 3758 legendoneque
458 3682 608 3740 scribendo
616 3682 772 3757 defatigari
782 3691 890 3758 posset.
899 3685 1048 3741 Postremo
1061 3685 1201 3755 Muretus,
1209 3683 1278 3741 licet

228 3774 283 3832 sibi
304 3790 362 3831 non
377 3788 439 3830 esse
461 3781 576 3830 tantum
588 3772 642 3830 otii
662 3773 740 3832 dicat
765 3783 799 3832 ut
815 3775 1008 3848 plureshoras
1021 3777 1055 3832 et
1065 3774 1097 3833 in
1108 3791 1141 3832 re
1154 3776 1277 3850 perdere

228 3863 332 3933 libeat,
353 3872 451 3919 tamen
472 3862 613 3935 quidquid
634 3862 781 3935 imperite,
805 3863 947 3938 quidquid
969 3863 1148 3937 ineleganter
1166 3861 1277 3937 dictum

227 3949 342 4008 videtur
354 3966 511 4023 omnesque
525 3953 713 4023 autmendas,
724 3962 775 4009 aut
789 3955 892 4013 dubias
906 3953 1169 4028 interpretationes
1176 3952 1277 4013 sedulo

228 4037 346 4112 indagat
361 4048 391 4096 et
405 4040 602 4113 reprehendit.
