2992 4904
223 431 259 488 32
567 431 611 485 ott
630 431 763 488 lutcus
781 431 914 489 ERASlll.

221 556 401 624 Occurrunt
412 554 537 644 pariter
549 537 732 645 complures
752 555 866 645 figura
877 576 948 646 quae
962 557 1114 628 attilani
1129 578 1181 628 res
1195 561 1269 629 nnl-

221 679 284 749 lius
295 679 393 771 pretii
406 680 609 771 significant,
625 691 661 750 nt
676 705 684 749 :

260 914 292 926 -
304 889 404 938 Καπνοῦ
421 883 485 948 σκιά,
518 880 591 939 lumi
604 867 724 939 umbrass

223 1066 325 1147 Quam
340 1060 539 1133 locutionem
554 1059 703 1129 versibus
717 1057 893 1149 Sophocles
905 1057 1072 1127 includere
1088 1060 1222 1130 curarit.

260 1260 340 1315 -Τά
354 1256 378 1313 δ’
394 1260 455 1313 ἄλλα
468 1263 557 1312 καπνοῦ
576 1260 642 1319 σκιᾶς
664 1259 705 1310 alx
717 1255 745 1309 ἂν
761 1255 883 1329 πριαίμην.

225 1456 307 1526 lluio
320 1453 440 1541 simile,

257 1638 379 1694 -Γυπὸς
393 1635 457 1698 σκιὰ,
471 1633 595 1693 vulturis
605 1633 719 1690 umbra.

221 1827 318 1897 Plura
337 1831 513 1892 occurrunt
533 1842 603 1912 quae
623 1843 664 1888 ne
675 1830 842 1914 punctum
859 1819 993 1910 quidem
1011 1819 1212 1911 significant,
1234 1830 1271 1890 ut

221 1948 309 2040 apud
322 1947 434 2015 divum
457 1946 695 2035 Hieronymum
713 1943 856 2033 legimus
877 1968 885 2010 ε
907 1971 919 2006 ‹
940 1942 1136 2035 Apostolieae
1150 1941 1268 2012 volun-

222 2073 298 2143 tatis
312 2081 485 2164 sequentes
506 2070 662 2160 vestigia,
680 2091 722 2138 ne
743 2078 902 2160 punctum
916 2069 1065 2159 quidun,
1082 2065 1267 2157 utdiet'tur,

223 2208 279 2266 aut
288 2216 436 2286 unguem
448 2205 669 2263 transversum
685 2192 725 2261 ab
741 2192 830 2262 illius
842 2193 1014 2261 sententiis
1030 2190 1230 2261 recedamus.
1246 2215 1264 2255 ν

266 2325 357 2391 llano
376 2342 455 2390 vero
478 2319 679 2389 locutionem
700 2320 800 2388 variis
815 2318 930 2408 liguris
948 2319 1050 2389 Graeei
1065 2318 1268 2407 Romanique

222 2457 432 2517 ornaverunt.

257 2674 293 2687 -
303 2642 370 2700 otti
383 2644 422 2697 τὸν
433 2643 543 2698 Αἴσωπον
556 2644 708 2704 πεπάτηκας.

257 2748 368 2807 -Οὒδὶ
382 2751 414 2804 τὰ
428 2750 484 2827 τρία
499 2752 640 2825 Στησιχόρου
656 2751 787 2825 γινώσκεις.

221 2942 385 3016 Nonnulla
400 2943 499 3012 etiam
516 2944 647 3034 poetica
660 2942 802 3032 quadarn
815 2942 922 3011 formt
941 2937 1141 3026 induuntur,
1155 2935 1244 3008 velut
1259 2962 1266 3005 :

223 3067 280 3129 οὔδ’
299 3066 360 3130 ὅσον
383 3067 492 3142 diioui(
515 3066 672 3132 ὑπνώουσιν.

265 3254 354 3321 Inter
370 3250 430 3319 has
445 3250 628 3321 looutIones
642 3252 762 3321 referre
786 3254 894 3343 possis
915 3253 1027 3336 muri,
1039 3253 1137 3345 florei
1146 3254 1265 3344 faeere,

222 3385 278 3447 aut
290 3375 391 3458 airino
402 3374 483 3449 ἄξιος,
501 3385 557 3445 aut
570 3375 668 3444 tomo
681 3375 824 3445 trioboli.
846 3377 904 3446 His
920 3377 1042 3447 similia
1055 3401 1122 3448 non
1140 3379 1269 3448 terunei

220 3502 344 3590 faeere,
364 3511 396 3569 et
416 3501 592 3569 innumera
617 3500 786 3590 ejusmodo
803 3503 951 3594 exempla
972 3525 1043 3594 qua
1062 3502 1149 3596 apud
1162 3505 1268 3598 serip-

219 3636 307 3696 tores
318 3644 420 3716 quum
434 3626 562 3694 Graeeos
573 3633 642 3692 tum
654 3625 818 3693 Romanos
832 3636 1020 3696 occurrunt.

261 3869 354 3937 Nune
370 3867 451 3937 libet
467 3867 636 3958 exquirere
653 3888 751 3958 quam
766 3867 942 3937 utilitatem
962 3869 1014 3939 vel
1029 3867 1071 3938 ad
1081 3889 1202 3958 mores,
1217 3871 1267 3940 vel

221 3989 441 4060 adhistoriam
451 3988 1200 4084 erproverbiisperoiperepossimus.Equidem
1208 4014 1264 4063 eos
