2992 4904
576 421 620 478 DE
637 420 771 478 anneus
787 421 920 478 Eflasnl.
1236 424 1273 480 27

229 545 430 616 locutionum
444 545 583 614 varietas
599 556 631 614 et
646 545 820 615 multitudo
836 556 896 635 est,
912 557 949 616 ut
968 547 1061 614 facile
1078 545 1224 617 studenti
1237 548 1271 615 in

230 672 377 741 animum
392 671 503 739 veniat
515 670 779 762 quamplurimas
790 671 948 740 orationis
959 672 1082 741 formas
1094 683 1189 763 atque
1208 672 1269 741 ha·

227 793 314 864 bitus
329 796 493 885 colligere,
519 805 552 862 et
573 815 772 884 comparare,
791 804 823 863 et
836 816 896 885 pro
916 816 1015 864 sensu
1041 795 1138 864 modo
1159 816 1271 885 segre·

229 938 320 1006 gare,
337 917 434 986 modo
445 918 658 1008 conjungere.
681 917 817 985 Necesse
832 938 909 985 vero
925 927 974 985 est
998 927 1033 985 ut
1045 915 1272 1000 παροιμιόγραφος

230 1042 331 1111 oculis
357 1043 498 1133 objicere
521 1051 611 1110 curet
637 1062 736 1131 quam
756 1040 892 1110 dirersis
919 1064 956 1110 ac
972 1064 1072 1132 prope
1090 1041 1272 1109 innumeris

229 1166 334 1236 modis
351 1169 453 1236 oratio
463 1166 593 1235 tractari
608 1165 722 1257 possit,
740 1176 818 1255 quot
831 1176 862 1234 et
877 1187 974 1256 quam
986 1166 1083 1234 variae
1095 1165 1207 1254 figura
1219 1163 1270 1232 lo·

229 1289 439 1380 cutionesque
473 1289 671 1359 sententiam
695 1288 842 1391 eamdem
869 1289 1049 1380 exprimere
1070 1290 1209 1376 valeam,
1239 1296 1272 1355 et

229 1426 378 1504 quantae,
390 1439 451 1485 nee
468 1417 545 1485 satis
556 1415 716 1505 cognitas,
731 1415 890 1484 sermonis
908 1414 1037 1484 divitias
1050 1414 1166 1504 lingua
1182 1423 1271 1482 vete-

229 1557 302 1606 rum
315 1540 483 1608 recondat.

273 1662 352 1730 Inde
374 1675 483 1731 autem
505 1663 628 1733 sensim
639 1684 676 1731 ac
690 1684 751 1754 per
765 1662 884 1753 gradus
899 1666 937 1731 ed
952 1662 1128 1732 adducetur
1142 1673 1180 1731 ut
1199 1663 1270 1733 vul--

228 1806 342 1875 garcm
356 1787 539 1877 quotidiani
550 1787 711 1856 sermonis
726 1785 995 1855 consuetudinem
1012 1788 1186 1877 intelligat,
1201 1807 1271 1877 quae
1391 1867 1394 1872 ,

225 1914 343 2004 sepius
356 1913 625 2004 inadagiisquam
635 1914 671 1981 in
683 1909 776 1982 libris
791 1913 970 1982 invenitur.
989 1915 1093 2003 Hujus
1108 1914 1270 1982 sermonis

226 2037 423 2128 peculiarem
431 2038 559 2128 juvabit
571 2037 700 2108 novisse
712 2036 832 2108 σύνταξιν
852 2063 860 2105 :
883 2038 985 2106 multa
999 2037 1089 2105 enim
1102 2037 1272 2106 brevitatis

228 2181 325 2231 causa
335 2164 496 2255 praecidit,
509 2160 787 2251 multalsuhaudit,
803 2172 835 2230 et
848 2182 932 2252 saepe
946 2162 1131 2231 inchoatam
1141 2175 1273 2230 senten·

226 2287 305 2354 tiam
322 2288 497 2381 abrumpit,
513 2289 614 2358 veluti
627 2288 657 2357 si
673 2288 769 2357 obde
780 2287 895 2378 cuique
915 2287 1111 2354 sententiam
1124 2287 1273 2377 supplere

229 2395 416 2503 promptum
441 2414 483 2482 sit
503 2415 539 2481 in
561 2411 760 2505 quotidianis
787 2409 992 2479 sermonibus
1017 2409 1144 2478 assidue
1166 2432 1275 2480 versa-

229 2537 308 2597 tam.

273 2651 370 2745 Apud
382 2675 496 2723 omnes
505 2653 642 2746 populos
650 2662 727 2722 sunt
737 2662 825 2722 certa
837 2653 985 2743 quaedam
999 2667 1031 2721 et
1042 2652 1161 2720 usitata
1172 2651 1271 2721 verbe

228 2795 300 2866 quae
314 2778 365 2846 vel
376 2779 411 2846 in
427 2778 559 2847 auribus
569 2777 620 2845 vel
634 2777 671 2845 in
683 2777 793 2846 animo
803 2776 896 2844 facile
909 2775 1144 2867 imprimuntur
1156 2784 1188 2842 et
1200 2774 1272 2865 qui·

225 2898 288 2968 bus
300 2901 416 2991 vulgus
435 2902 575 2993 singulis
586 2899 676 2970 horis
695 2901 748 2970 uti
757 2910 791 2969 et
816 2899 907 2969 abuti
924 2900 1107 2987 consuevit,
1121 2908 1157 2967 ut
1172 2920 1272 2990 quum

225 3024 288 3114 illi,
301 3026 357 3114 qui
371 3026 512 3116 aliquem
522 3027 684 3116 objurgat,
697 3024 921 3116 respondent:
1210 3022 1212 3026 ’

261 3194 345 3250 -Nc
356 3192 395 3250 sis
409 3201 532 3266 patruus
545 3193 652 3255 mihi...

261 3319 298 3332 —
308 3292 411 3345 Διιπνιῖν
426 3310 466 3363 μοι
483 3289 595 3346 δίδασκε.

262 3417 298 3430 -
311 3389 420 3462 Γάστιρά
441 3409 480 3463 μοι
496 3391 630 3464 προφέριις.

261 3515 298 3528 -
308 3484 431 3560 ’Δπονέμου
451 3494 493 3550 τῆς
507 3494 550 3549 σῆς
562 3488 664 3562 ἁμάξης,
675 3493 722 3542 τῶν
735 3485 762 3540 δ’
775 3487 833 3540 ὄνων
844 3487 911 3541 οὐδὲν
922 3491 1001 3560 pitter.

269 3647 411 3718 Plurima
421 3671 498 3720 vero
510 3658 684 3721 occurrunt
696 3651 735 3719 in
746 3647 866 3742 quihus
884 3648 1007 3718 eminet
1024 3649 1178 3742 Ellipsis,
1199 3652 1271 3740 plu-

224 3791 323 3860 raque
336 3774 571 3844 subtrahuntur
582 3775 682 3845 verba
699 3795 797 3867 quam
809 3776 1040 3864 enuntiantur,
1054 3776 1142 3844 velut
1167 3772 1272 3866 palpo
1289 3838 1292 3843 Α
1391 3863 1395 3870 Δ

222 3907 404 3986 percutere,
433 3898 516 3967 adde
539 3899 708 3988 cervicem,
735 3909 876 3970 tractum
902 3901 944 3970 ab
972 3900 1188 3991 equisonihus
1216 3898 1272 3990 qui

222 4020 340 4111 plausu
352 4024 572 4114 mandsequis
593 4023 820 4115 blandiuntur,
838 4025 1093 4096 sedhreviorem
1109 4024 1208 4095 etiam
1219 4023 1270 4092 fe·
