2992 4904
580 401 623 457 DE
640 401 777 460 Abusus
796 402 929 460 ERdSlss.
1242 411 1274 472 ³1

225 530 365 624 jamdiu
385 531 437 601 vel
465 553 586 621 recens,
618 553 679 623 pro
701 532 820 625 potior
850 544 906 602 aut
931 533 1043 604 multis
1070 536 1143 606 aliis
1169 541 1279 612 verbis

232 658 353 749 figuras
373 659 522 748 supplere
539 656 600 726 tibi
615 657 652 725 iu
670 659 780 728 animo
801 659 856 749 sit,
878 659 981 729 multe
997 661 1035 729 iu
1053 661 1137 733 libro
1152 668 1279 736 Erasmi

232 791 404 854 occurrent
425 782 658 870 cognominata
677 783 789 873 verba,
811 805 950 875 quorum
971 806 1074 876 pauca
1091 787 1276 880 reserenda

231 927 300 976 non
325 925 456 994 prorsus
488 902 546 972 abs
573 926 608 973 re
641 905 792 976 arbitror.
824 908 915 999 Saepa
942 909 1032 977 enim
1057 931 1117 999 pro
1137 911 1277 1001 jamdiu

231 1030 419 1110 dicebatur:
435 1041 487 1102 ἀπὸ
507 1039 659 1121 Neaerae,
680 1032 774 1123 quasi
790 1053 844 1102 res
860 1033 902 1101 ab
918 1035 1010 1101 omni
1019 1035 1211 1126 antiquitate
1223 1059 1276 1106 re·-

229 1159 334 1248 petita·
347 1161 599 1251 significaretur.
618 1159 712 1229 Haud
726 1180 820 1228 secus
834 1169 985 1226 seuerum
1000 1159 1097 1227 verda
1110 1182 1169 1250 pro
1187 1161 1277 1231 mul·

229 1283 284 1372 tis,
315 1294 376 1377 τρία
393 1295 466 1373 ἔπεα,
494 1309 553 1378 pro
585 1284 697 1376 paucis
724 1282 832 1352 dicere
863 1282 1021 1353 solebant.
1049 1285 1085 1352 Si
1114 1287 1187 1376 quis
1213 1309 1275 1356 cae·

229 1409 308 1478 teris
322 1414 581 1500 praestantiorem
600 1410 769 1480 hominem
784 1410 963 1500 extolleret,
981 1410 1018 1478 in
1033 1432 1130 1480 usum
1142 1429 1277 1488 venerat

181 1576 184 1582 ·
229 1532 361 1603 dicere:

263 1744 298 1755 -
310 1712 451 1768 Ἑκκαίδεκα
462 1712 543 1767 ποδῶν
554 1713 606 1785 ᾔρει
617 1714 670 1774 τοὺς
680 1713 780 1785 ῥήτορας
790 1712 814 1764 ἐν
827 1714 875 1772 τοῖς
885 1712 972 1784 λόγοις,
1056 1771 1060 1777 k

226 1901 279 1969 vel
296 1926 305 1969 :
322 1911 430 1977 πολλοῖς
453 1908 637 1991 παρασάγγαις
655 1908 847 1990 ὑπερδραμεῖν.

267 2034 371 2092 ,Korada
390 2029 536 2114 πανηγύρις
559 2021 668 2089 multa
685 2019 770 2087 mala
788 2017 947 2086 continet.
965 2019 1132 2111 Locupleli
1147 2020 1276 2091 homini
1340 2086 1342 2088 ,

226 2150 255 2219 si
272 2150 401 2218 libuerit
412 2148 567 2238 alludere,
582 2147 669 2217 dices
683 2167 758 2215 eum
774 2145 848 2236 ipso
859 2143 975 2212 horreo
988 2146 1039 2213 vel
1055 2144 1174 2214 adolio
1188 2146 1273 2216 Ιιαα-

180 2327 183 2330 <
225 2272 310 2353 rire,
341 2273 393 2341 vel
419 2274 580 2341 immensa
602 2270 770 2363 possidere
801 2269 993 2357 latifundia,
1024 2282 1188 2360 quantum
1214 2272 1274 2340 uie

225 2396 346 2464 milvus
375 2398 510 2465 oberret.
539 2396 647 2465 Multis
676 2395 776 2464 eliam
800 2393 909 2461 modis
933 2391 1023 2461 nibil*
1043 2416 1109 2462 reon
1135 2398 1274 2487 exprimi

160 2601 164 2610 ¹
224 2532 348 2612 potest3
374 2545 510 2613 quorum
537 2524 689 2613 equidem
712 2524 855 2614 plurima
867 2523 1011 2615 proferre
1038 2543 1182 2613 possem,
1207 2523 1272 2590 nisi

224 2644 374 2714 timerem
383 2647 551 2716 fastidium
563 2648 676 2716 afferre
686 2647 884 2738 legentibus.
896 2649 969 2715 Uno
984 2655 1112 2714 tamum
1124 2646 1271 2737 exemplo

223 2768 308 2838 herm
335 2772 614 2840 enumerationem
641 2770 845 2839 concludam.
872 2769 933 2852 Qui
953 2769 1091 2838 voluerit
1112 2768 1200 2836 nibil
1217 2779 1272 2838 aut

224 2892 356 2961 nullum
381 2897 432 2964 vel
455 2894 632 2987 quamlibet
652 2897 767 2963 sensus
791 2893 1054 2962 deminutionem
1076 2893 1269 2983 exprimere,

222 3019 277 3087 ille
289 3021 407 3088 multas
422 3021 622 3112 inpromptu
637 3020 772 3089 habebit
787 3020 920 3089 dicendi
934 3021 1067 3089 formae.
1083 3018 1272 3110 cujusmodi

223 3155 301 3214 sunt
319 3168 326 3211 :

240 3395 242 3399 ⁸
258 3359 294 3370 -
305 3328 346 3385 Ne
354 3326 454 3385 bestiae
464 3328 584 3401 quidem
601 3329 822 3401 ferrepossuut.

258 3428 345 3484 -Ne
359 3426 466 3500 syllaba
477 3427 595 3498 quidem
610 3426 764 3501 attingere.

227 3538 229 3544 ⁴
255 3557 293 3577 .-
302 3527 409 3598 Τημέροο
421 3523 531 3596 οὐδεμίαν
540 3525 653 3598 γραμμὴν
664 3525 767 3598 ἤγαγον.

220 3676 278 3744 llis
293 3675 374 3744 adde
388 3701 396 3742 ε

256 3885 292 3924 -ε
302 3855 364 3911 Non
374 3855 440 3914 novi
454 3861 548 3911 natos.

257 3994 292 4004 -
302 3963 377 4018 Ὅσον
390 3967 453 4034 μέλοι
465 3969 495 4032 τῇ
506 3962 597 4031 χελώνῃ
610 3967 700 4032 μυιῶν.
